2624 4606
98 230 163 291 80⁰
460 220 862 285 ltJ-sTINl

142 380 273 441 urilitihus
288 379 433 453 deessent,
456 377 602 457 intemplo
614 377 688 439 lovis
703 378 821 439 solidum
834 396 869 441 ex
882 397 951 439 auro
962 377 1108 441 Victoriae
1113 381 1222 459 signum

141 466 201 525 tolli
220 466 314 538 iubet,
342 465 437 523 tacetis
459 463 526 521 iocis
547 462 719 543 sacrilegium
735 464 974 525 cirunnscribens:
993 482 1061 523 nam
1080 464 1223 529 Victoriam

116 549 330 609 tconnodotorn
342 550 395 607 uhi
406 549 439 606 ab
450 546 513 607 Ioue
528 567 581 605 erre
595 549 712 607 dicebat.
740 547 891 607 luteriectis
907 549 1012 609 deiude
1026 550 1147 626 diebus,
1167 570 1222 611 crnn

143 636 230 713 ipsius
243 634 314 691 loris
327 652 439 693 aureum
451 632 623 691 simulacrum
639 633 738 691 infiniti
752 633 882 711 ponderis
902 633 987 695 tacite
1004 633 1088 693 evelti
1100 636 1224 697 iussisset

143 720 389 799 deprehensusque
412 719 441 777 in
460 713 606 792 sacrilegio
622 736 756 775 concursu
772 716 956 777 multitudinis
980 723 1058 777 esset
1082 718 1113 777 in
1131 722 1223 797 fugam

143 822 253 865 uersrrs:
275 821 377 879 magna
394 802 421 859 vi
435 803 607 879 tempestatis
622 819 772 881 oppressus
790 802 963 869 ecdesertus
977 803 1068 861 amis
1083 802 1224 865 uhtroni·

118 891 195 949 thos
215 889 336 965 capitur,
365 887 569 964 perductusque
589 888 628 945 ad
646 886 771 963 Grypum
791 886 964 945 interficitur.
1004 886 1122 965 Grypns
1142 908 1224 968 porro

143 975 295 1050 reciperato
307 972 399 1051 patrio
413 990 500 1046 regno
512 972 689 1047 externisque
711 969 839 1047 periculis
852 970 985 1031 liberatus
999 971 1112 1031 insidiis
1130 974 1223 1033 metris

143 1058 291 1137 appetitur.
336 1056 417 1123 Quae
433 1076 496 1114 cum
509 1055 662 1133 cupiditate
673 1055 866 1125 dominationis
882 1055 993 1133 prodito
1007 1056 1112 1121 merito
1123 1056 1224 1119 Deme·

144 1144 198 1201 trio
213 1149 242 1199 et
260 1140 347 1199 altero
369 1140 426 1199 filio
444 1141 588 1199 interfecto
607 1140 688 1199 huius
702 1158 814 1217 quoque
827 1140 940 1197 victoria
956 1139 1119 1201 inferiorem
1130 1144 1222 1220 digni·

144 1234 230 1285 tatem
245 1245 322 1284 suam
336 1226 434 1285 tactam
450 1223 570 1295 doleret,
590 1225 711 1282 venienti
723 1223 760 1281 ab
773 1223 971 1283 exercitatione
984 1224 1116 1301 poculum
1126 1229 1223 1289 veneni

119 1310 255 1375 ttohtnlit.
297 1310 356 1368 Sed
369 1310 483 1386 Grypus
496 1309 644 1386 praedictis
656 1310 711 1367 iam
724 1314 792 1383 ante
804 1308 927 1381 insidiis,
943 1307 1028 1368 veluti
1037 1309 1150 1388 pietate
1165 1332 1223 1373 cum

144 1402 233 1455 matre
254 1400 390 1466 certaret,
413 1394 507 1451 bibere
528 1393 618 1471 ipsam
644 1393 739 1473 iubet3
773 1392 906 1451 ahntrenti
924 1398 1025 1452 instat:
1052 1401 1223 1473 puerorum

144 1479 254 1559 prolato
270 1480 360 1537 indice
376 1498 436 1536 eam
448 1478 556 1553 arguit,
577 1478 659 1536 mlum
679 1476 855 1555 defossionem
868 1477 973 1535 scelm‘r
990 1492 1125 1556 superem
1141 1482 1223 1539 edfir.

144 1583 240 1635 mans,
267 1566 293 1621 ri
310 1563 400 1633 titur,
423 1562 492 1639 quod
509 1562 573 1639 filio
594 1562 697 1621 obtulit.
741 1562 789 1627 Sic
809 1563 882 1620 ricta
902 1565 1007 1637 regina·
1021 1564 1128 1625 scelere
1146 1566 1176 1624 in
1193 1585 1223 1626 se

6 1678 9 1683 ·
119 1654 224 1708 9verso
238 1667 358 1718 veneno,
380 1649 456 1722 quod
468 1647 513 1704 alii
526 1654 696 1725 paraverat,
707 1646 899 1721 exstinguitur.
939 1646 1026 1723 l’srta
1037 1648 1126 1723 igitur
1137 1670 1222 1727 regno

145 1734 295 1791 securitate
310 1733 422 1808 Grypus
438 1737 500 1788 octo
519 1734 597 1789 annis
613 1734 733 1808 quietem
746 1736 777 1791 et
797 1733 859 1809 ipse
879 1730 975 1789 habuit
989 1740 1126 1809 etregno
1144 1754 1222 1815 prae·

105 1823 139 1874 10
149 1818 226 1875 stitit.
268 1815 360 1874 Natus
375 1816 476 1898 deinde
491 1814 530 1872 illi
545 1823 588 1874 est
604 1816 725 1874 aemulus
739 1818 835 1891 regni,
856 1815 942 1875 irater
958 1815 1045 1894 ipsius
1058 1818 1222 1893 Cyzicenus,

77 1910 86 1919 “
146 1903 244 1963 eadem
256 1907 345 1959 matre
360 1901 486 1975 genitus,
507 1902 558 1959 sed
575 1920 608 1959 ex
623 1900 756 1959 Antiocho
770 1907 869 1979 patruo
883 1906 1045 1978 susceptus,
1063 1922 1151 1979 ‚quem
1163 1924 1221 1963 crim

145 2004 253 2046 veneno
265 1985 360 2043 tollere
372 1984 520 2057 voluisset,
540 1992 571 2042 ut
583 1987 714 2044 maturius
731 1986 814 2045 ermis
829 2004 891 2044 cum
905 2005 939 2044 eo
953 1986 989 2044 de
1008 2004 1099 2063 regno
1111 1996 1221 2050 conten.-

145 2073 241 2147 deret,
263 2070 399 2129 excitarit.
1123 2128 1128 2137 ,

123 2165 137 2216 1
215 2154 264 2213 lll.
284 2155 362 2212 lnter
378 2154 429 2211 has
448 2148 528 2229 regni
546 2154 644 2229 Syriae
663 2153 849 2231 parricidiales
870 2154 1022 2214 discordias
1041 2156 1159 2217 moritur
1177 2177 1221 2222 rer

144 2240 267 2317 Aegypti
285 2238 479 2310 Ptolemaeus,
500 2258 587 2314 regno
602 2238 724 2315 Aegypti
742 2241 819 2296 uxori
841 2244 870 2297 et
888 2239 966 2298 alteri
986 2260 1021 2298 ex
1039 2239 1120 2316 filiis,
1142 2263 1221 2321 quem

145 2325 192 2385 illa
212 2325 341 2400 legisset,
366 2323 477 2380 relicto:
507 2324 634 2381 videlicet
654 2324 732 2398 quasi
751 2323 871 2398 quietior
893 2325 1012 2403 Aegypti
1028 2331 1120 2384 status
1142 2348 1221 2405 quam

144 2409 242 2485 Syriae
260 2428 376 2483 regnum
402 2414 492 2481 esset,
515 2428 575 2482 cum
590 2414 678 2465 mater
692 2407 780 2465 altero
795 2427 828 2467 ex
849 2405 913 2465 tiliis
927 2408 1013 2469 electo
1034 2409 1154 2471 alterurn
1173 2413 1222 2471 ho·
1291 2459 1292 2464 1

119 2498 217 2553 2stem
233 2503 309 2552 esset
330 2492 464 2549 habitura
507 2492 597 2568 lgitur
619 2512 682 2550 cum
700 2495 813 2569 pronior
830 2492 859 2549 in
880 2493 1013 2553 minorem
1033 2493 1119 2555 lilium
1139 2505 1221 2570 esset,

145 2577 280 2656 apoprdo
291 2574 465 2653 compellitur
479 2577 610 2635 maiorem
624 2576 741 2650 eligere:
762 2578 806 2636 cui
816 2576 892 2656 prius
907 2596 990 2654 quum
1004 2597 1123 2655 regnum
1133 2583 1221 2653 daret,

92 2800 111 2840 ·,
171 2783 312 2848 intemplo
331 2783 368 2853 1.]
385 2781 439 2834 'Sic
457 2797 516 2834 mss.
534 2780 620 2835 nescio
638 2787 703 2851 quot
725 2783 869 2853 Bongarr„
889 2787 1058 2851 5Gronov'.,
1083 2786 1221 2860 stmeoq,

102 2850 183 2903 Dore.
201 2853 234 2914 3,
252 2851 350 2914 Goth,
375 2851 507 2912 Vincent,
532 2851 590 2904 edd.
609 2860 689 2905 vett:
712 2860 784 2907 reete
802 2853 902 2924 recepit
919 2854 1080 2920 Beneclrius,
1103 2876 1181 2927 quem
1197 2876 1221 2911 r.

103 2919 241 2989 Vulgstum
259 2928 359 2982 tamen,
382 2920 459 2972 etium
478 2919 626 2989 Bongarsiiz
650 2924 760 2990 templo,
783 2939 833 2974 noo
852 2923 927 2992 capio
945 2940 993 3005 pro
1010 2925 1116 2988 dativo,
1140 2944 1222 2997 neque

102 3006 151 3061 pro
165 2989 217 3041 ubl.
234 3006 249 3040 a
267 2990 326 3041 tolli
343 2989 485 3057 pendente,
510 2999 539 3041 nt
557 2990 668 3058 Wopk„
698 2990 745 3043 serl
768 3008 814 3059 pro
837 2991 888 3043 abl.
907 2993 972 3057 locr,
1004 2994 1053 3062 qni
1069 2995 1121 3049 huo
1136 3004 1222 3051 sessu

102 3058 209 3130 probari
227 3052 338 3110 tortasse
348 3065 456 3127 potest,
485 3057 630 3111 florentiori
654 3058 680 3111 in
703 3058 799 3113 talibus
821 3075 872 3112 non
896 3069 1044 3131 usurpetur.
1081 3062 1156 3127 Quos
1174 3081 1221 3135 pro

94 3127 205 3199 optimis
223 3127 371 3179 Gronovius
391 3128 482 3191 habet,
500 3126 631 3191 Medicei,
647 3128 785 3196 praebuit:
802 3145 817 3180 c
834 3131 947 3197 templo!
1041 3155 1044 3159 ’

87 3250 91 3259 ,
174 3196 331 3263 Victoriam]
350 3214 424 3264 quam
441 3196 542 3264 Iupiter
559 3213 633 3249 mauu
650 3196 725 3265 qussi
742 3198 898 3267 porrigebat

171 3266 233 3329 38.
265 3267 392 3332 prolato]
412 3266 475 3317 ltlss.
492 3266 593 3332 Bongr
608 3268 742 3334 proeluto..
948 3280 951 3285 '
1047 3327 1052 3333 ¹
1134 3328 1141 3335 ι

108 3390 111 3397 ,
168 3336 230 3398 59.
266 3332 330 3385 lllss.
350 3334 449 3400 Bong.=
469 3335 638 3402 extinguitur.
664 3335 752 3403 Regni
767 3335 935 3388 securitatem
953 3335 1000 3388 Gr.
1017 3353 1042 3388 o.
1062 3354 1091 3392 u.
1108 3340 1221 3408 quietum

17 3462 18 3466 Ἰ
102 3408 129 3455 et
144 3402 163 3457 i.
180 3401 207 3453 h.
233 3399 282 3452 De
300 3418 330 3453 re
347 3418 372 3451 v.
391 3401 531 3454 h'rueliehii
549 3404 644 3455 Auuul.
664 3420 689 3471 p.
707 3405 751 3457 92.

171 3472 188 3534 5
207 3473 247 3524 10.
285 3471 438 3537 Cyzicenus]
457 3470 612 3534 Antiochus,
631 3471 749 3523 Antiochi
765 3469 878 3536 Sidetis,
901 3471 993 3525 fratris
1010 3471 1152 3541 Demetrii,
1170 3493 1221 3529 ma-

101 3535 147 3591 riti
164 3538 335 3606 Cleopatrae,
359 3538 443 3599 filius,
467 3539 501 3590 ub
525 3547 618 3591 metum
642 3538 768 3593 Demetrii
792 3540 884 3608 Cyzici
910 3542 1041 3595 educatus
1077 3543 1145 3598 Post
1163 3562 1220 3599 mss.

100 3606 201 3676 Bong,
218 3609 236 3660 4
252 3606 354 3661 (irone
370 3607 416 3659 aed
433 3608 511 3669 Aut,
528 3607 623 3660 omissa
639 3625 759 3677 praepos.
776 3618 811 3649 ·-‘
835 3612 865 3662 A.
885 3613 943 3666 116.

159 3675 349 3737 ·c.111.tt.
383 3676 585 3744 parricidiales]
610 3677 642 3731 V.
657 3678 692 3730 sd
710 3676 852 3742 XXXVII,
873 3682 902 3743 1,
928 3676 988 3743 §A
1023 3679 1143 3735 Gronov.
1162 3683 1221 3736 hl

102 3758 118 3795 e
133 3742 152 3797 4
167 3744 259 3796 codd:
276 3745 458 3812 parricidales.
972 3779 975 3784 Α
1159 3776 1165 3793 1

167 3812 294 3879 moritur]
310 3830 334 3865 a.
354 3813 385 3867 C.
402 3814 461 3869 117.

170 3882 293 3934 uidelicet
318 3883 392 3949 quusi
415 3882 542 3950 quietior]
578 3881 659 3935 Acnte
682 3880 754 3938 Med.
770 3884 802 3937 2:
834 3885 932 3938 reihout
947 3903 980 3937 ue
997 3902 1040 3953 qu.
1057 3912 1090 3925 -
1104 3889 1185 3957 regni
1200 3905 1220 3941 r.

101 3947 123 4000 l.
141 3948 186 4004 ur.
204 3949 334 4002 Genuum:
353 3951 445 4018 Syriae
457 3953 566 4016 futurus
583 3958 656 4003 essm.
970 3972 973 3977 ·

165 4018 229 4082 52.
264 4018 405 4085 nsinorern]
424 4020 594 4072 Ptolemaeum
611 4018 791 4075 Alexandrum·
1002 4076 1009 4085 ,

169 4085 308 4152 umorem]
327 4086 396 4140 Ptol.
411 4086 560 4141 bethurun.
577 4116 611 4127 —
639 4088 698 4143 Hoc
716 4089 776 4143 ride
792 4094 823 4143 ut
839 4088 973 4153 confirmet
987 4089 1165 4157 Lemonnius,
1180 4109 1221 4147 re·
