2624 4606
81 254 319 316 18101-
499 248 896 311 lUSTlNl

151 404 250 465 zlovis
267 406 437 483 adgreditur.
488 405 600 474 Quare
622 403 733 483 prodita
760 422 894 463 concursu
918 403 1077 463 insularinm
1095 425 1157 465 cum
1182 411 1252 467 omni

177 490 274 549 militia
287 491 453 573 interficitur.

152 578 169 630 3
253 575 374 648 Romae,
396 595 458 633 cum
472 573 573 634 multae
586 575 720 634 Graeciae
734 576 858 635 ciuitates
873 580 1002 651 questum
1018 577 1055 634 de
1069 577 1177 636 iniuriis
1192 577 1252 637 Plri-
1286 571 1292 577 ’

76 652 82 665 '
178 659 268 738 lippi,
289 660 363 736 regis
385 659 595 730 Macedonum,
623 661 763 719 venissent
781 668 809 719 et
828 661 994 737 disceptatio
1016 661 1045 717 in
1064 669 1166 720 senatu
1184 664 1253 722 iuter

176 743 362 817 Demetrium,
384 743 502 822 Philippi
520 743 620 816 filium,
642 762 723 820 quem
744 750 824 822 pater
843 746 879 803 ad
901 744 1125 805 satisfaciendum
1149 748 1253 806 senatui

176 829 305 902 miserat,
328 835 356 888 et
367 827 474 904 legatos
488 828 636 886 civitatium
650 835 738 888 esset:
760 830 840 887 turba
855 828 1027 905 querelarum
1041 832 1174 889 consuens
1187 822 1254 890 ado·
1274 823 1276 830 ’

152 912 279 977 ilescens
298 920 413 991 repente
429 913 552 971 obticuit.
582 911 662 971 Tunc
676 919 787 972 scamus
802 914 965 973 verecundia
981 914 1039 970 eius
1052 921 1163 990 motus,
1183 935 1253 993 qnae

175 1000 293 1077 probata
305 999 387 1056 etiam
399 1005 495 1071 antea,
513 1012 572 1055 cnm
586 997 668 1056 obses
687 997 795 1057 Romae
808 1004 896 1071 esset,
919 997 1047 1055 omnibus
1060 1001 1170 1074 fuerat,
1191 1019 1254 1058 rau·

177 1099 236 1140 sam
248 1082 286 1139 illi
299 1083 425 1140 donavit:
441 1088 527 1158 ntqne
541 1082 580 1139 ita
594 1083 729 1141 modestia
742 1102 792 1141 sua
805 1082 962 1141 Demetrius
973 1083 1082 1141 veniam
1094 1085 1186 1161 patri,
1198 1103 1253 1142 non

55 1190 61 1201 ·
151 1168 236 1224 diune
258 1167 441 1239 defensionis,
465 1167 514 1225 sed
527 1169 681 1244 patrocinio
697 1167 828 1244 pudoris,
849 1168 982 1224 obtinuit:
1002 1169 1079 1242 quod
1093 1169 1185 1246 ipsum
1204 1170 1253 1228 de·

177 1256 252 1309 creto
272 1256 382 1309 senatus
401 1252 583 1326 significatum
604 1257 663 1325 est,
685 1258 717 1308 nt
731 1257 880 1329 appareret
893 1268 949 1308 uon
960 1256 1016 1308 tarn
1035 1242 1194 1311 absolutum
1210 1272 1252 1312 re-

151 1342 254 1411 figem,
276 1355 359 1412 qnam
371 1338 505 1394 donatum
518 1335 575 1392 filio
588 1341 706 1412 patrem.
743 1336 826 1404 Quae
843 1355 887 1394 res
900 1335 1044 1393 Demetrio
1058 1340 1116 1394 riou
1132 1338 1251 1413 gratiam

63 1458 70 1477 i
151 1424 168 1476 7
175 1421 338 1496 legationis,
359 1421 409 1480 sed
424 1421 516 1478 odium
532 1420 740 1478 obtrectationis
755 1421 931 1498 comparavit.
974 1417 1048 1476 Nam
1063 1426 1092 1478 et
1108 1423 1253 1498 apudfra·

58 1504 72 1517 '
175 1511 246 1563 trem
264 1504 395 1564 Perseum
407 1505 553 1563 aemulatio
564 1503 601 1562 illi
613 1505 743 1562 iuvidiam
761 1506 911 1575 contraxit3
933 1509 961 1560 et
975 1505 1050 1580 apud
1062 1510 1172 1580 patrem
1184 1511 1252 1564 nota

168 1588 355 1648 absolutionis
375 1608 458 1647 causa
473 1580 598 1647 offensae
619 1590 686 1663 fuit,
707 1589 872 1664 indignante
885 1587 1015 1664 Philippo
1036 1587 1100 1666 plus
1119 1590 1251 1650 momenti
1276 1656 1278 1658 v

167 1670 252 1750 ‘apud
269 1680 394 1732 senatum
406 1691 554 1750 personam
567 1672 616 1730 lilii
630 1692 713 1749 quam
732 1674 923 1732 anctoritatem
937 1672 1027 1750 patris
1041 1691 1074 1729 ac
1086 1673 1251 1749 dignitatern

152 1757 270 1832 tregiac
284 1759 435 1823 maiestatis
452 1756 587 1815 habuisse.
629 1757 717 1832 lgitnr
727 1756 846 1816 Perseus
866 1761 1012 1834 perspecta
1028 1758 1116 1834 patris
1132 1760 1252 1835 aegritu·

177 1842 243 1900 dine
264 1839 389 1916 quotidie
412 1841 555 1900 absentem
574 1840 747 1900 Demetrium
766 1843 840 1919 apud
859 1861 922 1900 enm
942 1840 1092 1912 criminari;
1119 1848 1150 1900 et
1164 1844 1250 1922 primo

171 1918 310 1998 invisum,
334 1931 400 2004 post
418 1926 501 1984 etiam
522 1931 677 2002 suspectum
700 1926 831 1996 reddere,
851 1944 924 1984 nunc
944 1924 1090 1983 amicitiam
1109 1924 1251 1985 Romano-

150 2014 252 2084 9mm,
274 2028 346 2068 nunc
361 2010 546 2088 proditionem
563 2010 587 2068 ei
604 2010 691 2101 patris
706 2010 852 2072 obiectare
895 2008 940 2066 Ad
953 2014 1124 2086 postremum
1140 2011 1251 2070 insidias

99 2152 102 2156 ,
169 2091 228 2152 ¹sibi
242 2095 277 2152 ab
289 2113 323 2152 eo
337 2101 449 2171 paratas
463 2095 611 2170 contingit:
631 2095 667 2152 ad
680 2095 756 2152 cnius
775 2095 816 2152 rei
834 2093 1025 2172 probationem
1042 2094 1167 2153 immittit
1182 2097 1252 2153 indi-

135 2184 247 2252 toces,
267 2185 354 2239 testes
379 2179 513 2237 subornat
532 2184 561 2237 et
580 2179 710 2252 facinus,
732 2179 809 2255 qnod
829 2178 945 2252 obiicit,
967 2177 1099 2236 admittit.
1144 2180 1251 2248 Quibus

16 2294 17 2301 κ
51 2248 54 2255 ’
131 2260 142 2275 ’
175 2263 257 2324 rebus
273 2262 412 2342 compulso
425 2264 462 2320 ad
471 2263 646 2342 parricidium
660 2268 741 2340 patre
754 2264 892 2321 funestam
903 2279 1013 2320 omnem
1026 2260 1131 2338 regiam
1147 2264 1221 2323 tacit.

48 2400 53 2409 ·
140 2388 163 2438 ·1
259 2381 307 2441 lll.
325 2381 426 2440 Occiso
447 2380 589 2439 Demetrio
605 2379 770 2458 sublatoque
784 2379 891 2441 aemulo
910 2399 967 2436 non
990 2379 1178 2455 negligentior
1190 2386 1252 2440 tan-

174 2468 232 2524 tum
246 2465 364 2525 Perseus
377 2466 406 2523 in
419 2471 542 2542 patrem,
556 2482 648 2524 verum
666 2466 750 2525 etiam
763 2465 947 2534 contumacior
960 2469 1035 2537 erat3
1056 2483 1108 2526 nec
1114 2464 1251 2526 heredem

201 2721 285 2788 loeis]
304 2720 378 2783 Beli,
394 2728 425 2772 ut
442 2719 555 2783 Strabo;
573 2720 606 2770 cl.
626 2719 736 2776 Wesael.
754 2719 787 2772 ad
802 2719 883 2774 Diod.
902 2720 937 2773 T.
956 2719 991 2772 ll.
1009 2737 1035 2789 p.
1052 2721 1113 2775 57⁵.

201 2791 258 2853 §2
294 2789 464 2855 interlunium]
496 2786 514 2839 i.
538 2805 561 2839 e.
585 2787 726 2841 incolarum
749 2795 775 2840 et
799 2791 929 2847 custodum
955 2789 1044 2858 templi
1069 2790 1109 2855 (v.
1127 2787 1251 2854 Graan).

132 2856 178 2910 ste
194 2873 262 2908 uuus
278 2860 375 2909 tantum
393 2857 488 2923 Boug.,
516 2853 588 2908 cuins
612 2857 767 2925 scripturam
793 2859 948 2925 probandam
967 2874 1024 2910 esse
1041 2857 1109 2909 vidit
1126 2855 1252 2917 Vossiuat

71 2976 73 2991 ,
130 2924 199 2979 idem
216 2931 301 2978 tamen
318 2925 366 2977 sibi
384 2924 522 2983 voluerunt
538 2925 621 2977 ceteri
637 2926 721 2993 Bong.
739 2933 767 2978 at
787 2927 948 2978 Gronoriaui
969 2931 1075 2995 praeter
1092 2926 1109 2978 5
1127 2925 1253 2978 exhiban-

101 3045 104 3048 ,
131 3002 172 3047 tes
193 2996 352 3056 insularum
382 2994 455 3048 Leid.
472 2996 503 3050 3:
526 2995 720 3056 insulanorame
750 2992 918 3057 neronom,
942 2995 1037 3063 Prag.‚
1063 2993 1162 3059 Goth„
1193 2990 1252 3046 edd.

132 3069 212 3117 vett:
230 3065 381 3117 incolarum.

86 3154 91 3160 ’
200 3135 259 3197 §a
294 3134 371 3185 turbu
387 3133 551 3200 querelarum
569 3131 648 3198 confi]
672 3132 737 3184 Mss.
755 3131 854 3198 Bong.,
880 3130 938 3184 coll.
957 3131 989 3182 C.
1008 3130 1057 3194 0.,
1081 3130 1251 3193 3Gronov‚:

49 3226 56 3235 ¹
130 3210 150 3254 t.
166 3219 236 3270 puer.
254 3202 386 3254 concitata
403 3209 449 3252 est.
484 3203 520 3252 At
538 3203 658 3264 confusas
674 3201 745 3252 odel.
764 3205 825 3252 cett.

198 3272 216 3334 §
233 3270 259 3323 5.
293 3269 382 3322 Livius
400 3268 531 3332 XXXIX,
549 3267 596 3321 47:
633 3269 703 3320 Velle
720 3269 800 3322 etium
817 3266 963 3334 (senatum)
988 3267 1084 3320 sentire
1102 3265 1252 3334 Philippum

129 3339 236 3408 integra
254 3339 340 3389 omniu
357 3339 406 3390 cibi
423 3355 479 3388 cnm
494 3339 590 3404 populo
609 3337 727 3388 Romano
745 3336 872 3388 Demetrii
881 3337 938 3402 filii
955 3337 1076 3402 beneficio
1094 3352 1157 3389 esre.

198 3410 214 3470 §
232 3408 249 3458 6
268 3408 326 3473 (7).Δ
359 3407 520 3472 comparavit
535 3435 566 3443 -
583 3403 766 3471 absolutionis]
784 3403 876 3456 desunt
893 3402 998 3455 inlusa.
1015 3404 1098 3471 Bong.

198 3474 256 3541 97.
294 3476 364 3526 Num
381 3482 407 3527 et
425 3475 481 3540 ap]
511 3473 568 3526 Hoc
593 3473 711 3541 reposuit
732 3473 831 3524 Graev.
850 3490 883 3523 ex
909 3473 978 3526 lunt.
1002 3472 1121 3539 (Prag.‚
1140 3471 1252 3539 Grac.);

128 3544 229 3612 Doug.:
249 3544 318 3595 Num
336 3544 416 3611 opud.
435 3541 505 3604 Quid
527 3541 554 3593 in
572 3540 746 3594 Gronovianis
764 3540 883 3607 legatur,
900 3541 1023 3609 ignotum.
1050 3540 1148 3592 Garbe
1168 3541 1253 3593 Narn-

129 3630 177 3679 Ψ
195 3620 335 3751 edelsinus]
361 3677 432 3732 Med.
450 3680 483 3740 2,
502 3677 560 3730 edd.
580 3684 661 3731 vett:
681 3677 777 3730 Persen
794 3677 835 3730 vel
854 3679 958 3731 Persem
965 3695 976 3740 ,¹
998 3677 1035 3729 cf.
1053 3677 1181 3745 Gromp-
1200 3675 1253 3731 946

129 3754 157 3799 et
173 3749 285 3884 admisti}
303 3815 415 3884 cognita.
451 3815 531 3868 Deest
547 3814 573 3866 in
591 3814 648 3866 ald.
668 3791 696 3866 et
710 3813 790 3865 Dorv.
806 3817 832 3868 2.

197 3889 213 3949 S
231 3888 256 3940 9.
291 3887 359 3954 quod
376 3884 481 3952 obiicit]
501 3884 648 3945 Demetrio,
665 3882 723 3952 ipae
740 3883 883 3935 committit.

112 4032 120 4042 ⁸
197 3968 376 4034 e.111.§1.
413 3970 609 4040 negligentior]
633 3968 699 4019 Mos.
721 3967 820 4034 Bong.:
845 3969 1085 4039 neglectimentior,·
1116 3966 1150 4022 al.
1168 3969 1254 4020 necle-
1301 4038 1304 4043 Ι

126 4038 254 4160 amm,-
279 4039 313 4091 al.
338 4041 502 4092 elementior:
530 4034 723 4108 quibusabusi
744 4041 805 4137 sunt
828 4037 862 4090 ad
888 4036 1080 4090 emendationes
1104 4035 1172 4100 loci,
1198 4035 1253 4088 eid.
