2624 4606
322 251 513 330 n1sn0a
538 232 743 333 nia'xviu.
772 274 867 335 cle.
891 275 920 341 5.
943 281 973 343 a
1088 346 1093 353 ,
1146 238 1210 342 an

78 430 144 497 tar,
167 422 282 481 reticem
302 429 415 502 posset,
435 425 539 483 corium
555 424 584 483 in
601 425 776 485 tenuissimas
798 434 891 506 partes
912 431 998 488 secari
1012 432 1104 505 iubet3
1126 439 1169 491 at·

80 526 139 585 que
153 507 196 564 ita
210 507 298 565 maius
314 508 366 566 loci
375 511 509 588 spatium,
531 528 615 586 quam
626 512 763 588 petierat,
784 519 916 590 occupat:
939 517 1012 574 nude
1029 523 1129 594 postea
1142 517 1168 576 ei
1203 558 1213 571 ,

80 594 142 652 laco
155 589 265 669 Byrsae
283 612 386 651 nornen
403 596 468 653 faa>
507 594 718 655 confluentibus
731 597 834 655 deinde
852 598 946 655 vicinis
961 599 1099 675 lucorum,
1119 600 1168 677 qui
1179 611 1212 659 10
1277 620 1285 628 ·

82 696 133 756 spe
148 676 216 734 lucri
229 676 315 735 multa
328 677 483 757 hospitibus
501 678 609 738 venalia
625 680 800 754 inferebant,
822 683 959 759 sedesque
971 684 1009 741 ibi
1023 687 1169 745 statuenti·
1178 693 1209 744 ll

82 764 135 821 bus
148 779 183 821 ex
194 762 352 841 frequentia
370 763 511 821 homimm
527 764 604 822 velut
622 765 712 822 instar
728 767 842 823 anuas
863 769 994 826 effectum
1009 776 1061 828 est.
1107 771 1212 828 Uti-12

81 846 204 906 censium
220 864 334 923 quoque
346 847 432 924 legati
447 850 523 907 dona
542 855 575 907 ut
597 851 809 926 consanguineis
827 851 993 924 attulerunt3
1012 853 1170 932 hortatique

82 937 166 1002 sunt,
186 932 274 989 arbem
289 931 330 990 itt·
346 932 501 1006 conderent,
522 934 570 992 abi
583 933 656 992 redes
668 937 759 992 sortiti
771 940 863 994 areat.
906 937 967 995 Sed
981 943 1011 996 et
1021 937 1104 996 Afros
1118 940 1211 998 de-13
1237 988 1244 997 .

81 1016 192 1077 tinendi
211 1017 334 1075 advenas
355 1037 433 1076 amor
451 1020 532 1098 cepit„
580 1019 681 1096 ltaque
702 1021 935 1079 consentientibus
954 1023 1081 1080 omnibus
1100 1023 1170 1081 Car-
1178 1023 1212 1081 14

81 1103 171 1176 thago
181 1103 310 1159 conditur
322 1108 427 1161 statuto
440 1122 534 1162 annun
547 1103 675 1180 vectigali
689 1124 742 1183 pro
756 1104 817 1163 solo
830 1104 915 1162 urbis.
945 1106 979 1164 ln
995 1107 1089 1184 primis
1105 1109 1211 1167 liin-15

82 1187 223 1244 dementis
236 1193 320 1263 caput
334 1187 466 1247 babnlnnr
474 1190 618 1248 innomine
633 1194 691 1247 est:
713 1190 791 1266 quod
808 1191 960 1268 auspicium
981 1193 1093 1268 quidem
1110 1194 1170 1250 fru-

81 1268 213 1345 ctuosae,
234 1272 285 1330 sed
298 1271 454 1332 laboriosae
467 1280 660 1353 perpetuoque
674 1292 771 1333 servae
786 1275 865 1333 urbis
877 1276 943 1334 fnit:
963 1277 1169 1353 propterquod

80 1355 212 1415 indiam
232 1355 323 1414 lorum
351 1359 417 1416 urbs
437 1359 581 1416 translata
624 1358 666 1415 lbi
691 1378 803 1436 quoque
824 1361 888 1435 equi
916 1366 998 1438 caput
1015 1367 1169 1438 repertum,
1181 1368 1216 1433 ld,

82 1439 244 1499 bellicosum
259 1448 459 1519 potentemque
475 1443 608 1523 populum
625 1443 746 1501 tubarum
768 1444 942 1520 significans,
966 1445 1026 1502 urbi
1039 1446 1170 1523 auspica-

59 1530 142 1597 ,tem
157 1526 253 1584 eedem
267 1526 353 1585 dedit.
397 1527 479 1586 Tunc
498 1530 536 1587 ad
551 1528 711 1604 opinionem
729 1546 820 1587 norae
841 1530 916 1587 urbis
939 1531 1166 1589 concurrentibus
1178 1534 1211 1588 17

82 1610 215 1687 gentibus
230 1611 307 1668 brevi
320 1618 349 1669 et
362 1608 480 1689 populas
494 1619 523 1672 et
535 1613 631 1670 civitas
644 1630 748 1687 magna
762 1615 844 1670 facta
909 1606 912 1611 ’
1083 1632 1086 1637 ·

171 1693 219 1752 Vl.
248 1694 320 1753 Cum
342 1716 469 1755 successu
498 1716 589 1756 rerum
612 1699 746 1756 florentes
772 1698 950 1775 Carthaginis
969 1703 1191 1776 opes·=eesent,t

82 1778 350 1837 rerlllaxitnnornm
366 1780 488 1839 Hiarbas
505 1783 603 1840 decem
623 1781 781 1840 Poenorum
795 1784 964 1862 principibus
978 1784 1016 1841 ed
1031 1801 1062 1867 sq
1078 1794 1170 1840 arces-

83 1864 145 1921 sitis
157 1862 265 1922 Elissae
279 1867 392 1942 nuptias
409 1867 460 1924 sub
481 1866 544 1925 belli
557 1867 766 1925 denuntiatione
783 1869 866 1945 petit
909 1868 996 1936 Quod
1018 1866 1103 1942 legati
1121 1870 1194 1924 rat

83 1948 171 2024 ginae
186 1951 290 2007 referre
301 1956 458 2009 metuentes
473 1949 577 2009 Punico
591 1968 653 2008 eum
673 1969 707 2009 ea
723 1953 836 2026 ingenio
850 1959 986 2028 egerunt,
1007 1951 1168 2009 nuntiantes

82 2051 173 2109 regem
190 2032 306 2112 aliquem
321 2053 442 2113 poscere,
464 2038 512 2112 qai
535 2034 659 2093 mitiores
679 2039 768 2093 victas
786 2054 843 2093 eam
863 2037 999 2115 Afrosque-
1008 2034 1168 2115 padocatr

83 2189 295 2209 w*-

84 2283 161 2336 viusr
179 2283 287 2347 „Quen
305 2301 359 2338 reru
378 2285 472 2338 leviter
487 2284 573 2354 tangit
583 2284 710 2355 Virgilius
721 2283 834 2338 diceudo
849 2301 900 2336 non
916 2293 1023 2353 tegere,
1042 2274 1211 2337 sed'circam-
1234 2330 1243 2345 ,

84 2356 179 2407 acras*
214 2354 246 2407 ln
262 2354 344 2409 Goth.
361 2356 452 2408 eadent
469 2371 557 2409 menas
575 2355 609 2411 ad
625 2356 766 2424 marginem
783 2354 904 2425 scripsit:
923 2355 1012 2424 cingi,
1036 2352 1106 2422 qaod
1124 2353 1215 2406 anio*

85 2428 159 2475 cerat
176 2421 325 2475 Schefferus
342 2433 369 2476 et
387 2425 494 2476 exhibet
511 2424 590 2493 Prag,
623 2472 630 2481 ,
679 2436 684 2445 ·

45 2509 48 2513 ·
154 2490 272 2559 Byrsae]
290 2491 309 2544 i.
327 2509 350 2544 e.
369 2493 478 2560 tergori.
514 2492 560 2544 Sic
578 2492 720 2544 vocabatur
738 2508 786 2543 arx
803 2489 985 2558 Carthaginis,
1002 2487 1029 2542 in
1048 2487 1132 2542 medie
1145 2489 1212 2542 urbe

86 2559 229 2613 editissimo
247 2560 303 2612 loco
319 2561 440 2624 condita,
458 2561 525 2613 sicut
545 2563 640 2614 Strabo
659 2561 919 2623 nanat3secuudun1
938 2559 1001 2611 alios
1020 2560 1054 2611 ad
1071 2557 1149 2611 maris
1166 2557 1212 2610 lit-

84 2629 173 2751 tuszip
190 2628 291 2682 isthmo.
326 2630 533 2701 Descriptionem
549 2630 617 2683 ercis
635 2647 660 2683 v.
678 2648 723 2701 ep.
740 2630 957 2695 Boetticherum‚‘
967 2629 1059 2682 Gesclr.
1077 2629 1103 2681 d.
1117 2627 1211 2683 *carta

107 2738 113 2750 .
184 2713 224 2749 s.
874 2720 877 2725 ·

84 2712 105 2787 p
157 2768 175 2831 s
193 2714 234 2818 lqb.
269 2766 405 2834 Malam]
423 2761 488 2818 lt'lss.
505 2767 603 2834 flung„
622 2766 716 2819 creas
736 2768 838 2832 bubali,
857 2767 890 2818 ab
908 2783 982 2837 seqq.
999 2765 1132 2819 litteras<

83 2830 92 2841 '
158 2835 260 2904 quidem
272 2837 446 2899 fructuosae,
462 2836 508 2889 sed
526 2835 589 2903 lab]
616 2836 716 2903 Vulgo:
740 2855 765 2905 q.
784 2839 825 2903 fr.
843 2845 978 2899 terrae,
1005 2837 1052 2889 sed
1069 2837 1141 2897 labe
1166 2832 1213 2887 sed
1262 2836 1265 2841 '

20 2944 23 2949 -
85 2904 181 2957 vocula
203 2911 291 2956 terrae
315 2902 390 2955 abest
414 2904 447 2957 ab
471 2904 585 2956 omnibus
609 2904 727 2956 Gronov.
751 2909 857 2973 praeter
879 2903 953 2956 Leid.
972 2902 1007 2969 4,
1037 2901 1124 2955 nescio
1149 2911 1214 2971 quot

57 2992 60 2997 ·
85 2973 189 3047 Belegg,
214 2971 309 3034 Caua,
336 2973 433 3036 Gora,
458 2972 536 3041 Prag.
578 2971 665 3026 Facile
689 2976 814 3054 apparet,
850 2988 898 3024 cur
921 2972 1078 3027 inseruerint
1087 2992 1100 3037 ,·
1129 2986 1214 3037 neque

86 3041 208 3094 onissnsn
225 3046 271 3093 aut
287 3041 436 3095 defensione
453 3048 515 3110 eget
532 3046 578 3092 aut
596 3042 777 3108 explicatione.
803 3040 903 3093 Deinde
920 3041 997 3092 iidem
1015 3040 1091 3092 codd.
1109 3045 1214 3106 praeter

88 3111 188 3165 Gora:
201 3112 355 3175 fructuosae
372 3111 492 3179 quiderm
512 3109 581 3191 quad
598 3111 661 3177 quia
681 3109 840 3176 Bongarstus
856 3126 908 3160 non
924 3108 1040 3178 recepit,
1066 3108 1094 3159 in
1111 3105 1217 3176 optimis

87 3198 141 3234 uua
159 3195 217 3232 esse
233 3185 314 3249 put03
332 3197 363 3230 ac
379 3196 442 3231 sane
459 3194 570 3245 speciem
588 3178 668 3229 lrabet
685 3192 774 3229 manus
791 3176 963 3229 correctricis.

159 3250 176 3311 3
195 3248 244 3301 15:
274 3248 312 3299 lbi
328 3249 442 3316 qaoque]
462 3250 555 3313 Prag.=
577 3247 673 3315 lbiqae.
690 3245 790 3299 Deinde
808 3262 863 3296 roe.
878 3247 1004 3315 pupulam
1020 3244 1144 3297 omittant
1155 3258 1214 3297 mes.

88 3314 192 3384 flung„
210 3315 321 3368 famae
339 3317 399 3385 quis
415 3316 471 3368 sols
488 3315 577 3369 littera
596 3315 618 3367 P
634 3330 782 3384 expressunt
801 3315 895 3366 lueret.

160 3386 192 3438 C.
211 3385 256 3436 Vl.
275 3388 291 3449 S
311 3387 335 3437 1.
371 3385 583 3451 Maaitaaornm]
608 3383 654 3435 Sic
672 3385 774 3453 Bong„
797 3383 844 3434 sed
865 3382 968 3452 quidem
986 3381 1043 3435 eius
1064 3380 1215 3432 Maaitaao·

88 3455 417 3576 suarzaa
432 3447 1215 3591 assatae
1251 3490 1262 3501 ·-

235 3558 242 3573 ι
388 3561 411 3587 Ο,
510 3560 531 3574 ⁸¹
598 3586 605 3605 Ι
772 3563 776 3572 ¹
916 3591 922 3605 ι
946 3557 960 3604 ’a
1030 3585 1038 3603 Ι
1208 3554 1215 3569 .

89 3588 875 3729 {illttssslltztaalttltilftltlll‘tt
897 3587 1217 3723 lt‘taltlll‘aittlf

90 3731 169 3784 hodie
185 3733 291 3800 Amrig.
315 3729 383 3780 Vide
401 3733 466 3782 haec
483 3730 631 3782 doctissime
648 3728 821 3798 explicantem
840 3729 1032 3798 castiglioaam
1045 3724 1218 3795 jn-Memotre

89 3801 290 3871 geograpbiqae
309 3808 334 3852 ct
352 3801 549 3866 numismatique
564 3816 608 3853 sur
626 3801 653 3850 la
675 3801 763 3865 partie
780 3799 907 3850 orientale
923 3799 957 3849 de
974 3799 1002 3848 la
1021 3795 1150 3847 Barbarie
1168 3809 1217 3858 ap-

88 3871 173 3938 peltee
196 3871 302 3934 Afrilcia
326 3886 377 3933 par
399 3869 434 3919 les
461 3870 560 3919 Arabes
583 3876 644 3920 cett.
670 3868 760 3920 lllilaa.
781 3869 863 3928 1826,
891 3866 963 3917 cuius
989 3872 1114 3928 excerpta
1137 3862 1218 3915 habes

91 3940 117 4001 iu
136 3937 220 3989 lalnuii
235 3939 396 3990 Jalrrbsiclrer
414 3938 460 3988 der
480 3936 574 3988 Pbilal.
595 3937 650 3988 Vol.
671 3936 742 3987 Vlll.
760 3936 824 3988 fasc.
841 3938 875 3997 3,
894 3935 939 3986 ubi
957 3952 982 3987 v.
1001 3952 1027 4003 p.
1045 3935 1105 3987 279.

160 4007 295 4073 Iliarbas]
315 4007 361 4057 Sic
379 4007 458 4075 Barrg.
478 4014 505 4058 et
523 4007 598 4058 codd,
617 4013 722 4075 plraeter
741 4005 822 4074 l'rag.
848 4004 933 4074 Vulgo
951 4001 1107 4057 Bernecceri
1124 4015 1217 4055 susam

94 4077 199 4140 Iarbas,
219 4083 248 4128 ut
264 4076 370 4129 Graeci.
433 4086 436 4090 '
586 4103 589 4107 ›

102 4170 106 4178 ·
164 4145 325 4212 Ροσιιοηιηι]
345 4145 408 4198 lllss.
427 4144 526 4213 Barg.:
546 4144 752 4198 diputationem
