2624 4606
357 242 547 307 nrsroa
568 229 657 307 ΜΒ.
678 244 742 307 xn
764 246 859 309 cnr.
882 252 910 315 1.
933 255 962 317 ο.
1138 214 1142 225 ’
1170 250 1234 317 raa

103 399 254 463 Dodonaei
268 398 343 457 lovis
354 399 452 459 urbem
465 398 635 459 Pandosium
648 417 815 478 anumque
824 400 1003 461 Acherusium
1011 401 1189 486 [nuendum]
1224 420 1229 427 ·

103 487 293 567 praedixerat.
336 483 418 552 Quae
430 490 549 560 utraque
562 504 624 543 carm
637 487 667 543 in
682 484 769 564 Epiro
786 492 882 545 essent
889 528 898 557 ,
918 487 1032 562 ignaras
1044 491 1145 551 eadem
1159 491 1214 551 etl

103 574 136 631 iu
149 571 230 629 ltalia
246 588 330 642 esre,
348 570 386 627 ad
402 568 569 629 declinanda
590 572 712 629 satorum
729 571 854 647 'pericula
871 572 1047 647 peregrinam
1066 576 1190 635 militiam
1223 616 1226 621 -

105 656 232 731 cupidius
254 654 389 730 elegerat.
431 654 545 729 Igitur,
573 674 636 713 cum
660 648 984 730 in-ltnliam'venissct,
1012 660 1130 736 primum
1149 660 1226 720 illid.

105 740 208 800 bellurn
219 758 282 797 cum
295 738 393 816 Apulis
407 740 477 797 init:
498 759 617 816 quornm
634 740 746 816 cognito
761 741 836 798 urbis
859 742 918 799 into
939 742 1016 800 brcri
1034 751 1102 820 post
1115 751 1232 803 turn-6·

103 844 176 906 pore
188 842 287 903 paoem
303 832 332 883 ct
344 825 492 884 amicitiam
505 844 568 883 curn
587 844 655 901 rege
667 844 764 884 corum
777 825 852 884 fecit.
893 825 965 884 Erat
983 846 1104 904 namque
1118 834 1213 888 tunc?
1253 820 1256 825 ⁴

69 986 73 991 Ι
103 910 238 989 temporis
256 910 324 968 urbs
341 909 438 987 Apulis
456 909 653 983 Brundisium,
672 928 757 987 quam
771 910 864 968 Aetoli
878 911 965 969 secuti
977 918 1037 970 tum
1049 914 1124 973 sama
1141 933 1187 974 rc·
1252 954 1259 969 .

102 997 212 1055 rumrin
230 994 319 1051 'l'roia
336 999 476 1070 gestarum
496 994 676 1053 chrissimunr
697 1000 728 1053 ct
743 994 944 1055 nobilissimum
963 996 1061 1057 dacem
1073 998 1189 1058 Diome·
1272 1012 1278 1027 ·

103 1083 169 1140 dem
182 1078 382 1138 condiderant:
400 1078 453 1137 red
467 1078 540 1156 pulsi
553 1078 589 1136 ab
605 1077 703 1157 Apulis
717 1079 892 1141 consulentes
904 1081 1014 1139 oraarla
1023 1088 1212 1159 responsumi

102 1168 283 1242 acceperant,
303 1162 403 1235 ίοσαοο,
426 1182 501 1239 pacm
516 1166 683 1240 repetissent,
700 1170 828 1240 perpetuo
842 1184 1015 1242 posserrnrorr
1055 1167 1120 1227 Huc
1133 1169 1212 1244 igi-a
1277 1182 1281 1189 ·

102 1257 149 1308 tur
163 1267 198 1307 ex
210 1266 293 1305 causa
304 1247 476 1325 perlegatur
491 1266 552 1306 cum
566 1247 630 1307 belli
643 1249 857 1308 comminatione
869 1250 976 1308 restit'ni
989 1251 1042 1308 sibi
1054 1253 1091 1309 ab
1106 1253 1186 1330 Apu-

102 1333 137 1392 lis
152 1334 248 1392 urbem
259 1331 486 1410 postulaverant3
508 1333 559 1391 sed
576 1334 624 1391 ubi
637 1332 733 1412 Apulis
753 1334 893 1393 oraculum
911 1335 1048 1405 innotuit,
1063 1336 1185 1395 interfe-
1197 1342 1229 1394 lo

103 1424 163 1478 ctos
185 1417 295 1493 legatos
320 1418 349 1474 in
368 1419 436 1477 urbc
465 1418 653 1495 sepelierant,
680 1425 843 1496 perpetuum
861 1420 900 1477 ibi
920 1421 1015 1479 sedern
1035 1420 1186 1480 habituros.

102 1504 196 1580 Atque
212 1505 253 1560 ita
271 1503 392 1586 defuncti
407 1520 542 1579 responso
562 1503 611 1561 diu
629 1502 726 1562 urbem
739 1507 934 1582 possederunt.
977 1505 1062 1572 Quod
1081 1507 1184 1564 facturn
1194 1511 1226 1564 11

101 1609 166 1648 urm
178 1589 357 1666 cognovisset
368 1586 543 1663 Alexander,
564 1589 737 1666 antiquitatis
751 1591 809 1649 sata
828 1595 974 1650 venosus
991 1588 1064 1651 bello
1079 1588 1184 1668 Apulo-

108 1735 134 1741 -.
140 1731 320 1742 -u--n--w—

171 1836 258 1887 uriom
275 1835 390 1889 Pandae.
409 1851 435 1886 a.
454 1834 519 1887 Acis.
539 1832 704 1900 [canendum]
719 1833 775 1902 pn]
805 1834 851 1887 Sic
868 1832 1014 1904 scripsimus
1029 1850 1045 1885 e
1062 1832 1155 1900 codd.;
1181 1850 1227 1887 aa·
1263 1850 1265 1857 ’

101 1904 212 1959 ocndnnr
232 1904 352 1973 praebuit
369 1921 432 1957 uirus
448 1922 494 1957 ms.
512 1904 584 1956 loun.
603 1901 718 1957 Pelcrini
735 1903 804 1972 apud
822 1905 919 1971 Bong.;
943 1910 972 1957 ot
987 1902 1027 1955 sio
1044 1903 1136 1955 Livius
1154 1903 1226 1967 Vlli,

101 1974 150 2029 24:
172 1974 261 2026 Accito
280 1974 311 2026 ab
333 1974 480 2025 Tarentinis
497 1975 525 2024 in
543 1972 650 2026 ltaliam
672 1973 740 2024 dota
764 1974 844 2027 dictio
863 1981 934 2025 croi:
959 1980 1126 2035 „cauerat
1143 1973 1227 2024 Acoe—
1265 1958 1270 1982 ⁸

102 2042 199 2094 rosiura
216 2060 310 2111 apuam
329 2042 538 2110 Pandosiamque
554 2043 658 2094 arbem.-
681 2040 719 2092 ibi
736 2043 809 2105 sutis
832 2044 886 2094 eius
909 2042 1046 2094 terminant
1071 2042 1175 2105 dari3“
1200 2050 1228 2094 et

103 2111 232 2164 oraculum
250 2111 346 2181 ipsum,
370 2113 440 2179 quod
458 2111 544 2163 nescio
561 2111 629 2162 unde
645 2109 750 2161 lllodins
767 2110 933 2177 produxerit:
1234 2124 1236 2129 ’

204 2180 337 2248 Αίακίδη,
354 2176 478 2248 npopv'
487 2177 548 2242 ίαξ
554 2195 570 2230 ο
591 2180 686 2244 μολεῖν
701 2173 870 2245 Ἀχερούσιον
887 2173 966 2246 ὕδωρ

205 2250 370 2303 Πανδοσίαν
387 2266 431 2315 rs,
451 2243 495 2302 ὅτι
513 2249 542 2316 [l.
556 2240 618 2315 ὅθι]
636 2264 681 2299 τοι
697 2244 826 2309 θάνατος
842 2242 1024 2315 πεπρωμένος
1042 2242 1108 2301 ἐστί.

99 2317 249 2388 Respicitur
270 2326 356 2373 autem
375 2335 391 2371 a
408 2318 538 2372 Strabone
561 2317 607 2369 Vl.
636 2334 697 2386 pag.
717 2317 1001 2379 trasimennus:
1021 2311 1176 2385 ἐξηπάτησε
1193 2313 1225 2371 d's

99 2386 149 2440 nal
165 2386 269 2440 τοῦτον
288 2382 303 2442 ὁ
323 2382 352 2441 ἐν
370 2383 496 2455 Δωδώνῃ
520 2382 640 2454 χρησμὸς
666 2380 923 2453 φυλάττεσθαι
945 2380 1065 2437 κελεύων
1087 2382 1140 2438 τὸν
1157 2382 1225 2454 Ἀχί-

99 2474 189 2524 ρονσα
204 2455 252 2511 καί
267 2453 321 2524 τὴν
338 2456 511 2509 Πανδοσίαν.
546 2458 568 2509 A
587 2462 688 2509 vetusto
713 2464 799 2509 tamen
823 2456 914 2509 critico
937 2471 1027 2507 vocem
1049 2453 1147 2509 illatam
1169 2473 1224 2509 csse

97 2543 133 2579 ne
150 2526 249 2580 dubita.
283 2526 369 2594 Vulgo
387 2528 422 2579 dc
444 2525 525 2580 Fabri
547 2525 661 2591 consilio,
675 2523 780 2594 legunt:
806 2527 899 2579 circu
915 2526 1002 2577 arisai
1019 2525 1050 2577 P.
1069 2530 1130 2578 cett.
1155 2526 1224 2596 quod

99 2595 260 2649 Oxunieuses
278 2604 368 2666 postea
382 2595 409 2646 in
427 2596 504 2649 codd.
521 2614 549 2649 ss
566 2593 695 2648 invenisse
712 2595 903 2650 simulaverunt.

158 2682 229 2819 {uz
263 2683 373 2752 Apulia]
400 2681 500 2751 Bong.=
525 2681 653 2753 Apionis,
673 2687 702 2735 ut
725 2680 805 2736 maior
826 2698 887 2753 pars
909 2679 1000 2746 sodon
1033 2679 1079 2734 scd
1096 2680 1124 2733 in
1140 2678 1224 2751 poitis

97 2759 173 2805 ota
221 2751 253 2804 ἀ

54 2862 57 2866 ·
168 2834 241 2903 57.
263 2834 368 2902 Aetoli]
386 2835 436 2902 „ln
452 2836 515 2890 Mss.
528 2836 627 2906 legitur
639 2839 759 2904 Acrcali,
778 2844 822 2891 aut
839 2839 934 2903 lisinii,
952 2843 998 2891 ant
1017 2837 1225 2899 etiamEicoii⁸⁶

96 2906 198 2991 Bong3
221 2907 320 2960 Gotlra
344 2908 450 2990 ΙΕιίισίί,
475 2912 506 2989 ut
529 2906 621 2990 Isidor.
644 2906 738 2977 origg.
762 2906 842 2975 XIV,
860 2907 885 2961 4.
910 2924 971 2976 pag.
990 2908 1060 2963 1170
1084 2906 1223 2991 (iothofrc

96 2974 547 3112 sddttlnllzlffflltltr
554 2983 656 3112 ..tlt
674 2984 849 3103 ‘sinilia
861 2976 1224 3097 illiadem

94 3112 201 3167 ‘colonia
217 3132 272 3168 esso
289 3118 412 3167 narratur
437 3113 477 3181 (v.
494 3112 731 3167 Raoul-Rochctt.
748 3114 811 3166 laist.
829 3114 862 3165 dc
878 3112 1008 3167 i'itoiliss.
1024 3112 1056 3167 V·.
1074 3111 1108 3163 ll.
1130 3130 1156 3181 p.
1172 3110 1222 3165 178

97 3183 167 3253 ια),
182 3184 228 3243 sod
246 3183 370 3253 plurimas
386 3183 525 3251 Apulorum
542 3182 621 3235 urbes
646 3182 680 3234 ud
702 3180 862 3251 Diomedem·
874 3188 1005 3233 auctorem
1021 3180 1221 3241 referebantur3

95 3268 124 3307 v.
143 3250 240 3322 Heynii
258 3269 315 3305 cxc.
333 3252 346 3304 Ι
364 3251 398 3303 ad
415 3251 488 3319 Virg.
506 3255 570 3302 Aen.
588 3248 637 3302 Xl.
661 3268 688 3320 p.
706 3248 759 3304 412
783 3258 811 3302 ct
828 3248 953 3302 Crcuzeri
971 3250 1082 3317 symbol.
1100 3246 1156 3300 Vol.
1172 3247 1221 3300 lll.

97 3338 125 3390 p.
141 3317 175 3375 46
193 3339 232 3391 sq.
269 3321 406 3384 Quomodo
430 3321 481 3374 hoc
504 3318 616 3387 intelligi
639 3325 761 3391 oporteat
784 3319 893 3387 etquis
916 3318 959 3371 hic
983 3318 1084 3371 Aetolia
1099 3315 1171 3369 lucin
1188 3314 1222 3369 ait

96 3406 224 3459 cognosce
242 3407 274 3442 ex
291 3389 433 3443 Niebuhrii
449 3390 511 3443 laist.
530 3390 603 3442 Rom.
621 3388 698 3442 Tam.
717 3387 739 3444 1.
758 3406 784 3459 p.
804 3387 854 3441 157
870 3404 909 3456 sq.
920 3386 969 3453 ed.
986 3388 1012 3439 2.

167 3474 239 3545 tum]
259 3474 305 3529 Sic
321 3475 421 3545 Bong.;
439 3475 522 3530 secuti
538 3492 594 3529 cunr
612 3472 771 3545 potissimum
788 3475 901 3537 fucrant,
918 3471 980 3542 quia
997 3488 1081 3525 rerum
1098 3470 1132 3525 ad
1150 3471 1221 3525 Tro-

95 3544 148 3597 iam
164 3548 294 3612 gestarum
317 3546 386 3599 sama
410 3553 462 3599 tum
488 3563 544 3599 curn
567 3546 674 3599 maximo
696 3544 815 3597 florebat.
850 3542 927 3607 „Mc
945 3546 974 3595 et
997 3540 1082 3596 Eud:
1107 3541 1219 3605 dardanis

95 3612 130 3667 al.
155 3614 232 3681 dum,
258 3614 300 3667 cui
318 3615 495 3684 suprascripto
513 3613 628 3667 additum
646 3615 698 3677 δας
724 3614 792 3667 undo
815 3617 924 3733 apparet
948 3616 1062 3673 nostram
1084 3608 1220 3667 lectionem

95 3686 194 3736 rectum
211 3701 275 3736 esse.
300 3683 340 3736 Al.
353 3686 455 3752 sequuti
465 3686 547 3750 fama
567 3683 614 3751 [sio
631 3682 711 3752 Prag.
728 3690 756 3736 et
774 3684 827 3735 Got
869 3688 897 3734 ct
913 3678 1095 3751 liddsmultas
1112 3680 1220 3749 σοῖο-15*

96 3750 186 3823 Raag.
218 3752 306 3823 Vulgo
324 3762 431 3806 anctore
448 3752 549 3807 Fabros
567 3753 678 3814 dudam,
697 3757 727 3804 ut
743 3751 920 3817 Ald.,1unt.;
943 3746 1050 3805 deinde:
1068 3750 1218 3805 Diomeden.

163 3839 225 3903 58.
259 3856 333 3908 οιιονο
348 3838 416 3907 rep]
435 3837 500 3892 Mas.
517 3838 618 3907 Boupr
636 3838 682 3908 poi
695 3854 750 3906 rcp.
923 3890 927 3897 ,

136 3932 140 3938 “
162 3924 241 3988 sla
273 3922 449 3993 sepelierant]
479 3921 526 3975 Sic
547 3923 622 3977 aadd.
648 3924 731 3994 Bong.
755 3920 847 3991 (etiarn
872 3922 969 3991 Goth.)
992 3928 1097 3995 praeta
1116 3925 1149 3989 1,
1172 3922 1220 3993 qul

90 3992 268 4059 sepelierant„
288 4000 319 4045 nt
335 4011 351 4046 e
368 3992 452 4044 tribus
469 3992 586 4050 Gronov.
608 3993 688 4061 vulgo
711 3991 812 4058 editnr3
845 4000 873 4046 at
896 3993 997 4048 iunctas
1018 3992 1126 4067 perlego
1142 4000 1217 4049 secu.

91 4063 208 4128 6-11,
226 4069 254 4116 ct
271 4061 333 4135 qnid
351 4061 464 4116 voluerit
478 4061 591 4135 scriptor
606 4077 755 4131 cognosces.
