2624 4606
369 218 558 284 menon
585 220 673 283 LIB.
694 222 731 285 11.
759 222 854 287 ΟΆΡ.
876 228 905 292 6.
927 231 957 293 7.
1177 228 1220 294 ⁸1

88 375 267 457 mmmm
280 372 458 434 Eridrtlseurn
468 376 623 450 desomdit,
644 377 697 436 sub
711 396 767 454 quo
779 378 909 436 formenti
920 377 989 436 sntio
1004 381 1080 456 apud
1092 379 1178 442 Eleu·

89 465 136 525 rin
155 480 176 521 s
195 459 374 538 Tnptoluno
391 466 504 539 reperto
518 468 576 521 est:
601 463 631 520 in
648 463 856 521 usinsnruneris
870 461 1002 522 honorem
1015 472 1111 525 noctes
1126 468 1221 526 ini-13

89 549 195 609 tiorum
207 550 343 606 natue.
378 543 485 604 Tenuit
497 551 527 605 et
539 544 660 621 Aegeus,
681 544 786 605 'l'besei
796 552 893 624 peter,
913 545 1030 607 Athenis
1044 570 1176 626 reguum:
1189 551 1221 609 14

89 651 112 693 n
121 650 180 709 quo
194 649 249 707 per
259 628 408 688 divortium
420 630 558 689 decedens
569 630 672 691 Medon
690 637 806 710 propter
823 630 947 689 edultum
966 632 1086 710 privigni
1101 641 1180 695 nete·

91 724 153 777 tenr
175 714 297 774 Colchos
314 711 494 774 uru--tledio
510 715 569 774 lilio
591 734 626 774 er
645 719 743 791 Aegeo
761 720 891 794 suscepto
912 721 1056 777 concessit,
1104 720 1174 778 Post
1187 725 1240 781 15.

52 844 58 852 ,
89 800 224 878 Aegeum
234 798 361 859 stereus
373 814 406 858 eu
420 799 549 878 ddnceps
563 799 667 860 'lbesei
679 800 752 858 filius
764 799 965 878 Demophoon,
985 805 1033 879 qui
1050 804 1179 863 auxilium
1240 820 1245 829 '

90 885 212 946 Gneus
228 883 363 954 udum
376 883 515 943 Troianos
528 883 608 956 tulit,
636 903 755 960 regnum
768 886 904 963 possedit.

115 1016 121 1025 .
180 967 552 1033 Ennhintertbtlreuienses
570 975 601 1029 et
612 968 765 1029 Dorienses
780 970 958 1033 simultatium
970 976 1077 1032 veteres
1089 973 1222 1033 offen-16

91 1074 161 1117 sse:
183 1072 255 1132 quas
266 1054 433 1112 vindicaturi
450 1053 522 1114 bello
535 1053 685 1114 Dorienses
699 1055 737 1114 de
754 1060 856 1115 eventu
869 1055 967 1132 proelii
986 1058 1097 1116 orreule
1112 1076 1179 1115 con·

91 1139 248 1202 suluerunt.
289 1137 465 1217 Responsum
482 1143 628 1217 otpertum
639 1139 717 1216 sore,
737 1143 769 1198 ni
786 1159 873 1216 regern
886 1140 1084 1201 Athernesn'nn
1109 1142 1222 1200 oeci-17

92 1227 206 1287 osbrat.
248 1223 450 1283 consutum
463 1232 537 1284 esset
552 1225 583 1282 in
603 1224 720 1298 bellum,
747 1224 879 1284 militibus
897 1232 966 1297 unte
980 1227 1073 1284 omnin
1087 1232 1178 1285 custo·
1189 1231 1223 1284 18

93 1312 148 1372 dis
164 1309 240 1386 regis
260 1308 437 1387 praeripitur.
478 1309 693 1369 Atheniensibus
712 1328 748 1368 eo
767 1317 893 1388 tempore
912 1328 963 1369 res
973 1311 1084 1370 Codrus
1106 1313 1223 1371 eret=19

93 1395 147 1473 qni
165 1400 196 1454 et
216 1411 351 1472 responso
374 1392 421 1452 dei
436 1399 467 1453 et
483 1395 639 1473 proeceptis
656 1395 776 1454 bostium
792 1396 912 1470 cognitis
930 1401 1087 1472 permutato
1107 1396 1181 1473 regis

95 1479 199 1540 habitu
217 1496 376 1556 pannosus,
403 1485 541 1538 rnrmeutu
555 1479 626 1538 eollo
646 1487 854 1555 gerensoustru
873 1479 994 1538 hostiurn
1012 1482 1181 1557 ingreditur:

95 1565 140 1624 ibi
151 1564 182 1622 in
194 1564 275 1622 turbe
288 1563 481 1623 obsistentium
499 1582 518 1622 a
537 1563 640 1638 milite,
661 1584 744 1641 quem
757 1564 830 1624 falce
848 1571 910 1623 estu
928 1565 1181 1639 convulneraverunt,
1189 1568 1224 1622 ΞΟ

96 1647 270 1709 interficitur.
313 1647 438 1724 Cognito
450 1650 526 1724 regis
541 1668 657 1728 corpore
669 1649 821 1709 Dorienses
833 1651 895 1708 sine
906 1649 1012 1726 proelio
1027 1651 1180 1710 discedunt.

95 1733 195 1809 Atque
211 1733 253 1791 itu
265 1730 562 1794 Athenienses'virtnte
579 1735 655 1793 ducis
667 1754 719 1813 pro
736 1734 826 1793 solute
840 1735 948 1813 petrice
958 1736 1042 1794 morti
1062 1755 1092 1795 se
1112 1734 1223 1796 offe-il

95 1819 188 1878 tentis
199 1816 272 1876 bello
285 1816 444 1876 libemntur.

187 1901 249 1961 Vll.
271 1902 340 1961 Post
354 1903 478 1961 Codrum
488 1922 571 1963 nesno
585 1901 700 1964 Athenis
714 1905 856 1980 reginerits
876 1906 952 1981 quod
966 1905 1114 1964 memoriae
1128 1909 1203 1962 uo-1
1238 1968 1240 1972 ¹

97 1989 183 2049 minis
198 1987 257 2047 eius
274 1987 408 2046 tributum
427 1993 479 2049 esi.
521 1986 731 2049 Administratio
747 1989 913 2068 reipublicae
925 1991 1022 2048 annuis
1037 1991 1209 2068 magistre-2
1266 2044 1271 2053 ,

170 2169 350 2239 Erichthonio]
372 2169 420 2224 Slo
432 2171 576 2240 Eongurs„
594 2173 692 2237 (torn,
710 2171 791 2240 Preg.
810 2177 838 2225 st
857 2172 902 2225 elii
918 2172 1009 2236 codd,
1028 2178 1059 2226 ut
1076 2170 1226 2225 chronicon

98 2242 222 2305 Psriuurr
240 2241 334 2311 rnlgor
352 2242 531 2297 Erechtheum
549 2241 591 2294 De
603 2260 633 2295 re
645 2258 670 2294 r.
686 2242 795 2293 Wessel.
808 2242 841 2293 ed
857 2241 931 2293 Diod.
950 2243 971 2301 l.
991 2242 1033 2295 29.
1052 2259 1077 2308 p.
1096 2243 1157 2293 551.

95 2370 98 2374 ³
168 2312 288 2379 Elusio]
313 2309 360 2363 Sic
375 2310 452 2363 codd.
470 2310 558 2382 plures
572 2317 600 2365 et
618 2310 745 2364 meliores.
769 2311 887 2363 Gronov.
902 2309 1015 2363 utribus
1030 2317 1058 2365 et
1072 2314 1136 2364 vett.
1150 2306 1225 2362 oddo

99 2382 236 2437 mnu

173 2448 342 2518 liiptolerno]
361 2446 446 2502 codd.
459 2448 543 2516 Bong.
557 2453 584 2502 et
599 2451 612 2504 1
628 2449 726 2502 Onon:
744 2448 923 2517 Neoptolemo.

169 2523 188 2585 s
206 2516 249 2573 14.
269 2518 361 2570 ternu
373 2525 400 2570 et
412 2519 526 2588 Aegeus]
546 2518 747 2572 Prseoessersnt
761 2534 817 2572 eum
832 2525 891 2587 post
906 2517 1077 2570 Erechtheum
1097 2513 1162 2569 altor
1178 2510 1227 2568 Co—

100 2605 195 2660 crsps,
212 2585 353 2640 Pandionis
368 2585 444 2650 lilius,
462 2587 604 2640 Erechthei
616 2589 708 2648 irrter,
727 2594 755 2640 et
768 2587 836 2639 ulter
850 2588 979 2651 Pandion,
997 2585 1141 2640 Erechthei
1151 2585 1227 2638 filius.

175 2657 282 2724 Medio]
305 2654 352 2708 Sic
371 2655 447 2710 codd.
469 2656 570 2722 Bong.;
597 2657 713 2726 suspecti
738 2656 813 2709 codd.
837 2655 983 2719 Gronorii,
1008 2657 1089 2725 Preg.
1106 2674 1129 2709 c.
1154 2654 1227 2708 eddo

102 2725 300 2789 discinctae,
318 2727 331 2778 1
345 2724 431 2791 Boug.
445 2731 473 2776 st
487 2728 500 2778 1
517 2726 586 2779 Ox.=
606 2727 707 2778 Medoo.
725 2724 823 2777 Graeci
833 2726 902 2779 leret
921 2725 1053 2793 Μῆδος.
1072 2724 1147 2793 Apud
1161 2725 1228 2776 Peo-

103 2811 162 2847 ssn.
178 2794 296 2848 Corinth.
314 2810 336 2846 c.
354 2793 380 2853 5,
399 2795 425 2847 7.
444 2794 499 2845 eins
514 2793 571 2846 loco
584 2794 677 2846 Aldina
694 2791 877 2861 Μήδειαν,
893 2795 938 2847 ubi
958 2796 1094 2847 Siebelis.=
1112 2797 1230 2860 ,‚forsoo

138 2859 373 2931 oMp'.decon.“
403 2857 567 2930 Μήδειος
582 2869 621 2916 est
641 2880 684 2934 sp.
703 2863 810 2917 Hesiod.
832 2864 956 2933 theogon.
976 2869 1059 2929 1001,
1076 2863 1122 2917 sed
1143 2862 1180 2914 ibi
1196 2863 1229 2914 ob

100 2881 197 2987 grone
209 2930 315 2998 genims
326 2929 431 2984 dieitur.

175 3005 192 3067 S
212 3002 254 3056 15.
271 2999 402 3068 dcinmps]
418 2998 473 3052 lmo
489 3000 633 3068 praecessit
643 3017 698 3053 som
712 3001 869 3063 Mnestheus,
887 3000 931 3071 qui
945 3000 1055 3055 Graecis
1072 3000 1099 3052 in
1113 2998 1230 3051 Troiano

104 3069 176 3124 bello
194 3069 310 3123 sdiuisse
330 3069 408 3136 vulgo
425 3076 565 3131 uerrutur3
583 3086 609 3122 r.
628 3070 756 3136 Bongsrs.
780 3070 834 3121 Sed
850 3071 959 3122 hesclm
972 3070 1190 3138 Demophoontem
1202 3066 1230 3119 iu

104 3136 202 3193 castrh
214 3139 376 3190 Graecorum
392 3136 472 3190 inisse
488 3137 647 3206 scripserat,
666 3155 722 3189 cusu
737 3146 899 3190 everteretur
914 3139 1013 3200 Troia}
1032 3156 1058 3188 v.
1072 3139 1183 3188 Peucen.
1195 3134 1230 3197 X,

105 3208 158 3273 253
176 3214 206 3261 et
216 3205 327 3261 Athenis
341 3205 444 3274 quidem
457 3206 525 3258 hono
536 3207 629 3259 fonnem
644 3206 777 3275 probatem
792 3205 887 3268 fuisse,
904 3205 965 3258 inde
976 3205 1144 3271 intelligitur,
1163 3204 1231 3271 quod

106 3294 141 3330 ex
154 3276 234 3344 Equo
244 3275 327 3330 Durio
341 3273 496 3342 inhcropoli
508 3290 541 3328 ex
552 3291 615 3328 uere
629 3274 715 3344 posito
725 3272 772 3325 nel
780 3270 943 3334 Μενεσθεὺς
954 3273 1003 3326 nel
1018 3274 1140 3334 Τεῦκρος
1148 3267 1231 3325 dcen-

106 3342 278 3482 sgiprouoro,
296 3350 427 3398 utuerrst
439 3343 552 3398 Pausnu.
571 3343 595 3409 l,
612 3345 656 3407 23,
675 3346 725 3407 10,
743 3338 856 3412 προςέτι
868 3338 899 3395 δὲ
916 3341 976 3396 nul
994 3341 1029 3395 ol
1047 3339 1231 3425 ouidegxoi

154 3429 233 3475 oeno.

106 3500 209 3605 diturr:
242 3478 1232 3625 sslimppsppdpplugpeppppoppgaitepugrpncteepgiprrcrpgppprppphnrppooepss

107 3618 259 3674 Heraclidis
270 3619 401 3672 Mensuis
418 3621 540 3686 expulso;
558 3638 635 3690 quem
651 3620 762 3690 denique
775 3619 874 3689 excipit
887 3619 956 3671 tilius
971 3617 1079 3673 Codrus.

178 3691 195 3755 S
214 3691 256 3744 16.
275 3687 420 3756 Dorionoso]
440 3688 525 3742 Codd.
545 3691 627 3759 Bong.
645 3689 756 3759 ubique:
774 3691 906 3742 Dmensm.

176 3757 290 3827 proelii]
307 3757 354 3809 Sic
372 3756 475 3840 plurimi
493 3758 566 3811 codd.
581 3769 608 3812 et
624 3759 754 3811 Serisbnr.
768 3759 796 3809 in
808 3757 932 3810 Policrat.
948 3754 994 3818 lv,
1011 3758 1044 3821 83
1068 3755 1160 3828 proelii
1181 3755 1234 3809 sci·

109 3825 187 3889 met,
212 3826 283 3895 quod
302 3825 354 3878 ism
372 3825 463 3878 ruituri
479 3835 564 3880 erunt.
596 3827 638 3879 Cf.
656 3827 761 3894 Dresig.
780 3843 805 3894 p.
824 3828 884 3880 693.
909 3825 951 3880 ed.
968 3824 1058 3882 Fisoh.
1081 3827 1233 3880 Gronovius

108 3899 172 3966 post
182 3894 252 3948 elios
270 3896 331 3948 belli
345 3904 380 3947 ex
392 3894 490 3962 Msgl,
508 3895 626 3960 Thoen,
649 3895 709 3949 coll.
723 3896 774 3959 N.,
793 3912 843 3945 uno
859 3895 942 3962 Bong.

179 3962 213 4016 0.
230 3962 290 4016 vn.
315 3967 333 4029 s
349 3965 376 4017 2.
395 3965 715 4033 osurnisrougr'rtrutibns]
735 3962 915 4028 archontibus3
931 3963 978 4017 sed
992 3963 1155 4034 negligenter
1168 3965 1234 4018 bueo

109 4030 194 4085 rslstu
207 4039 279 4086 suut.
302 4032 417 4085 Primum
429 4033 496 4085 orsini
512 4033 565 4100 (sb
582 4050 607 4086 u.
626 4034 725 4098 1066.)
741 4034 860 4100 perpetui
873 4034 1011 4087 archontes
1030 4035 1199 4095 creabuntur,
1217 4047 1235 4084 e

109 4098 238 4156 biedouto
244 4137 256 4169 ,
271 4100 318 4172 qui
326 4099 396 4156 luter
406 4101 454 4154 bos
464 4100 562 4173 primus
573 4110 647 4168 eret,
661 4102 833 4158 Memoridus
844 4101 924 4170 diotie
940 4102 1085 4164 huiusmodi
1098 4102 1235 4156 montes
