2624 4606
32 245 194 309 -.·.src
426 190 893 302 'rus-uiui
984 258 1008 341 ’-

129 394 264 456 tomultis
277 392 339 453 filiis
359 390 478 454 relictis:
498 393 599 469 quibus
619 390 873 471 praeteritis'lratri
893 394 1065 470 potissimum
1086 393 1252 469 Mithridati,

104 486 108 491 '
167 481 286 556 insignis
307 479 416 539 virtutis
438 480 516 553 viro,
545 477 657 554 reliquit
677 479 842 556 imperium,
869 479 931 556 plus
949 479 1027 555 regio
1054 499 1144 556 qnam
1163 484 1252 561 ριιιιὶο

80 606 84 615 -
171 564 380 626 deberinomini
398 569 475 621 ratus
493 563 640 640 potiusque
651 565 758 640 patriae
770 580 854 639 quam
875 563 967 623 liberis
981 565 1193 625 consulendum.

146 657 161 710 1
255 647 301 707 vl.
323 648 432 707 Eodem
450 649 538 706 ferme
558 653 697 724 tempore,
719 648 799 706 sicuti
820 649 849 706 iu
870 647 980 706 Parthis
997 647 1198 724 Mithridates,
1216 651 1253 709 ita

90 798 96 811 Ι
144 737 200 794 tiu
211 734 321 797 Bactris
333 732 511 805 Eueratides,
533 732 626 807 magui
641 742 756 808 uterque
770 733 835 805 viri,
857 750 943 808 regna
956 733 1061 792 ineunt.
1108 735 1169 794 Sed
1189 736 1253 794 Par-

168 820 278 879 thorum
292 819 402 877 l'ortuua
415 817 521 876 felicior
537 818 573 874 ad
594 834 726 875 summum
745 817 798 875 hoc
818 819 890 877 duce
911 818 1018 894 imperii
1039 818 1189 894 fastigium
1208 839 1253 880 eos

108 916 112 923 '
143 910 160 963 3
167 904 304 984 perduxit
348 902 486 960 Bactriani
507 907 599 959 autem
616 918 667 979 per
686 902 761 967 varia
775 901 848 960 bella
869 904 963 960 iactati
978 922 1036 960 uon
1055 923 1177 980 reguum
1192 912 1252 963 tan·

167 995 245 1060 tum,
266 987 457 1047 verumetiam
471 986 627 1046 libertatem
649 986 813 1045 amiserunt:
843 988 979 1063 siquidem
999 988 1213 1063 Sogdianorum
1226 998 1253 1047 et

78 1120 81 1125 .
169 1072 367 1132 Arachotarum
383 1076 412 1131 et
425 1071 601 1147 Drangarum
625 1071 812 1130 dulciorum*
835 1072 1022 1148 ludorumque
1041 1072 1123 1131 hellis
1143 1074 1253 1150 fatigati

169 1158 207 1217 ad
228 1163 398 1235 postremum
416 1156 452 1214 ab
474 1156 679 1214 invalidioribus
692 1154 819 1229 Parthis,
839 1156 914 1217 velut
935 1176 1105 1232 exsangues,
1127 1157 1252 1235 oppressi

144 1243 244 1302 dsunt.
287 1241 376 1299 Multa
400 1247 492 1301 tamen
515 1239 679 1300 Eueratides
698 1240 772 1299 bella
789 1259 891 1316 magua
904 1244 1007 1300 virtute
1026 1243 1130 1318 gessit:
1153 1244 1253 1319 quihus

159 1327 280 1385 ‘attritus
300 1346 361 1384 cum
385 1327 557 1384 ohsidionem
573 1325 723 1399 Demetrii,
744 1326 819 1400 regis
841 1326 987 1399 ludorum,
1009 1325 1173 1404 pateretur,
1195 1346 1252 1386 cum

169 1412 300 1471 mcertis
313 1411 443 1470 militibus
461 1411 606 1486 sexaginta
625 1410 711 1471 millia
723 1410 844 1471 hostium
861 1412 985 1471 adsiduis
1004 1412 1198 1487 eruptionibus
1215 1411 1251 1468 vi·

138 1550 146 1558 .
169 1497 215 1555 cit.
244 1497 351 1564 Quinto
372 1497 466 1572 itaque
485 1514 581 1555 mense
606 1495 741 1555 liberatus
759 1494 867 1553 Indiam
888 1497 918 1553 iu
940 1501 1111 1574 potestatem
1132 1497 1250 1571 redegit
1304 1498 1306 1517 ¹

144 1580 256 1640 5Uude
270 1600 332 1639 cum
345 1600 375 1639 se
387 1581 540 1660 reciperet,
561 1580 664 1654 atilio,
685 1599 768 1658 quem
788 1580 891 1638 socium
913 1581 992 1657 regui
1013 1582 1135 1654 fecerat,
1159 1582 1190 1640 in
1209 1581 1269 1641 iti·-

233 1705 248 1739 *
268 1706 531 1784 Drangaritonorum

74 1956 79 1967 ,
145 1950 150 1959 ,
197 1906 285 1961 multis
295 1905 421 2027 (ild-Sic
439 1905 521 1975 Boug.
540 1910 567 1959 et
588 1904 648 1988 add.
666 1908 755 1990 nette
779 1905 812 1959 nb
835 1876 1172 1990 ingratam'rcpetiticnem
1195 1922 1250 1960 sua-

128 1976 207 2030 dente
224 1976 294 2045 ch
314 1991 384 2029 custo
401 1976 517 2032 Gronov.
535 1981 666 2044 reposcite
684 1976 800 2043 plurilus
811 1978 854 2041 s.,
884 1982 1040 2029 auctoritate
1060 1978 1101 2031 to
1111 1976 1189 2031 codd.
1207 1978 1251 2044 (an

129 2044 293 2099 Leidensium
310 2043 470 2112 omniunt),
488 2045 634 2114 Dracone,
651 2043 732 2097 Dore.
751 2047 776 2097 1.
792 2046 826 2110 2,
846 2045 944 2108 Goth,
964 2044 1059 2113 Prag,
1077 2043 1159 2100 Grac.
1176 2046 1251 2099 Stau-

48 2136 56 2143 ·
128 2114 189 2170 dum
206 2119 264 2175 erat
279 2131 295 2166 a
313 2113 388 2168 codd.
406 2113 599 2166 vetustioribus.

197 2187 214 2250 s
233 2185 274 2238 1o.
311 2182 480 2250 Mithridati]
499 2199 573 2252 quem
590 2186 664 2234 recte
681 2179 793 2234 Orosius
809 2180 843 2245 V,
861 2178 895 2247 4,
915 2198 943 2252 p.
959 2182 1028 2236 2952
1044 2156 1143 2237 sentum
1157 2182 1191 2237 uh
1204 2172 1251 2235 lr-

128 2269 190 2308 κιο
205 2252 327 2320 appellat
522 2321 528 2334 ι
953 2294 956 2299 .
1231 2318 1238 2333 .

200 2322 232 2373 C.
254 2321 297 2373 Vl.
320 2325 337 2386 S
356 2321 382 2374 1.
418 2318 594 2388 Ειιιιαιιιιει]
618 2319 650 2372 ah
668 2335 691 2373 a.
710 2320 802 2375 181-
814 2316 865 2373 146
884 2335 908 2372 a.
926 2317 958 2371 C.
977 2335 1019 2388 ap.
1036 2318 1186 2388 Baycrum,
1203 2319 1251 2372 Μι-

34 2405 38 2419 ·
128 2389 255 2444 thridates
273 2389 300 2442 iu
319 2387 423 2442 Parthis
441 2389 473 2440 ab
492 2389 581 2440 eodem
599 2389 679 2440 terme
697 2404 721 2440 a.
739 2387 773 2440 ad
793 2389 851 2442 136.
887 2388 919 2440 V.
933 2388 1060 2459 Bayerum
1078 2406 1106 2458 p.
1125 2387 1163 2442 87
1180 2394 1220 2461 s'q.

197 2458 320 2528 uterquc]
345 2461 364 2513 3
381 2455 472 2509 codd:
488 2459 608 2526 ciriacae
628 2458 662 2510 ci.
680 2457 792 2510 Beneck.

135 2554 137 2558 >
198 2529 257 2592 53.
293 2527 487 2597 Sogdianorum
503 2527 572 2593 squ]
600 2526 758 2592 Bongarsius
775 2540 807 2576 er
825 2522 929 2594 optimis
946 2525 1001 2576 suis
1018 2522 1116 2576 edidit:
1131 2525 1252 2594 ‚Sogdia-

127 2613 220 2651 norum
237 2603 263 2649 et
281 2598 354 2648 Dran
376 2595 539 2647 oriturarum
557 2595 613 2645 lnd.
631 2611 687 2645 cum
704 2594 752 2645 hac
770 2601 844 2645 nota:
868 2593 968 2656 „ulan
986 2595 1021 2645 So
1043 2593 1068 2645 d.
1088 2599 1114 2645 et
1131 2595 1253 2646 Aracha·

128 2674 214 2720 torum
231 2672 256 2717 et
277 2666 323 2716 Dr.
355 2613 492 2732 lmpressia
511 2663 801 2731 Dranganitunorurn.“
837 2662 975 2714 Gronau:
993 2686 1028 2724 „a
1049 2661 1144 2714 eliores
1160 2664 1252 2715 Mssa

20 2728 27 2735 ’
129 2743 155 2788 et
172 2736 346 2786 Arucatorum
369 2739 394 2785 et
413 2731 692 2800 Dranganitunorum,
716 2729 774 2782 vel:
788 2738 824 2785 ,et
841 2731 1031 2783 Arachotarum
1055 2737 1081 2782 ct
1099 2733 1252 2801 Drcnguri-

127 2804 279 2857 tonorum.“
313 2799 343 2852 ln
360 2804 434 2852 tantu
450 2805 491 2851 tot
507 2799 661 2867 syllabarum
686 2776 854 2852 similitudine
871 2817 921 2851 nou
943 2799 1033 2851 mirum
1051 2804 1092 2850 est
1111 2802 1253 2852 Arachotos

129 2868 270 2922 excidisse:
290 2875 317 2943 et
334 2868 360 2920 in
379 2869 428 2920 hac
444 2868 554 2920 historia
572 2868 630 2936 quis
646 2869 682 2923 da
696 2884 748 2925 auc
762 2867 961 2938 interponeret?
987 2868 1080 2919 Vocem
1100 2869 1252 2940 Dranguri-

128 2946 250 2995 tonorum
270 2936 357 2990 statim
375 2936 430 2990 vidi
454 2937 632 3006 corrigendam
651 2953 723 2990 esse:
745 2940 915 3021 Drangarum
932 2945 958 2990 et
975 2938 1116 3000 Ariorum3
1147 2938 1176 2990 in
1194 2954 1253 2991 eau-

128 3007 187 3061 dem
212 3005 414 3060 emendationem
436 3005 566 3059 inciderat
588 3005 859 3075 Haletenius-Curtrg.
875 3007 904 3058 in
921 3007 1013 3074 Steph-
1031 3007 1096 3073 Byr,
1117 3023 1142 3056 r.
1162 3002 1253 3074 Δράγ-

125 3093 224 3199 agubip.
243 3077 302 3197 ξιξ.
345 3076 403 3201 Οὲιο
428 3074 706 3197 ιιιῗιιὶιιιιιιιιΛἱιιιιὶξεὲὺ
720 3075 793 3196 Fgrt
818 3074 1096 3195 efflgmchscribendguars
1109 3076 1253 3196 ggcofflg,

127 3163 160 3277 l,
179 3161 265 3280 §⁸22¹
284 3161 430 3266 hillini?
441 3160 834 3284 ‚fiiinssilngrhdl'iis
874 3162 915 3265 la
926 3162 993 3266 llll
1010 3161 1122 3263 licinia
1150 3181 1253 3276 {aanor}

126 3283 209 3336 ceteri
236 3283 320 3335 secuti
343 3291 420 3335 sunta
450 3282 518 3336 unde
542 3283 748 3350 vulgata-:tacta
771 3287 823 3337 est.¹
862 3281 958 3349 Prag:
990 3283 1254 3349 Gangaritanorume

126 3353 218 3405 Gracc
238 3353 469 3421 Gangaridarum,
487 3350 541 3404 sad.
552 3359 584 3405 nt
596 3357 771 3407 correctorem
789 3365 932 3418 agnoscas,
948 3349 1019 3403 ludis
1036 3349 1132 3418 ubique
1143 3351 1253 3405 Iudaeos

122 3419 268 3475 substituit.
296 3421 399 3487 ‚Gothc
418 3421 598 3475 Archadoruru
615 3420 658 3489 (ιιι
675 3416 767 3485 cruca
784 3418 858 3471 simili
877 3417 1063 3488 depravatione
1080 3421 1102 3485 3Ι
1114 3416 1198 3481 Dorv.
1212 3435 1252 3489 ap.

127 3490 238 3560 Woph.)
256 3496 283 3542 et
299 3482 567 3561 Dragantiranorum.
585 3519 619 3528 -
635 3488 734 3557 Horum
753 3488 876 3551 bellorum
895 3490 956 3555 pars
974 3488 1023 3539 lam
1042 3487 1089 3538 sub
1108 3486 1252 3541 Menandro

126 3574 190 3628 rege
210 3564 286 3626 gesta
303 3565 375 3624 erat,
394 3557 439 3626 qui
458 3554 624 3610 Eucratid'em
637 3557 801 3626 *marusim
818 3572 845 3608 r.
863 3556 991 3624 &aarum
1010 3572 1035 3624 p.
1054 3556 1188 3611 75-·89.

80 3634 84 3643 '
196 3626 255 3692 54.
293 3628 434 3692 Demetrii]
461 3624 507 3679 lilii
537 3626 721 3695 Euthydemi,
748 3627 795 3694 qui
819 3633 879 3678 aute
904 3626 1071 3678 Menandrum
1096 3625 1252 3697 Bactrianae

126 3712 174 3759 rex
191 3697 292 3761 iuerat3
320 3714 345 3751 v.
364 3696 457 3763 Beyer.
475 3695 494 3747 Ι.
511 3695 529 3747 l.
548 3700 574 3747 et
592 3713 617 3764 p.
636 3698 671 3750 92
688 3712 730 3765 eq.

195 3762 315 3833 redegit]
334 3760 442 3831 Factum
460 3764 510 3816 hoc
527 3779 585 3816 esse
602 3782 626 3817 a.
646 3764 713 3826 603,
729 3779 755 3818 a.
774 3763 805 3815 C.
825 3759 875 3818 146
892 3779 926 3815 en
944 3779 1044 3814 nummo
1062 3760 1149 3816 efficit
1167 3763 1252 3832 Baye·

127 3847 173 3887 rus
188 3833 293 3903 copiosa
307 3832 483 3898 disputatione
502 3851 528 3900 p.
544 3834 588 3887 92.
605 3835 638 3888 99
656 3840 713 3902 sqqi
731 3854 734 3861 ·

195 3905 212 3967 ἕ
228 3903 254 3954 5.
290 3920 308 3954 α
318 3902 393 3971 filia]
409 3902 552 3956 Ducratide
570 3910 597 3953 et
613 3901 686 3969 ipso,
705 3905 734 3953 ut
751 3917 782 3952 ex
801 3900 907 3953 eliorum
925 3898 1028 3952 indiciis
1043 3897 1154 3967 collegit
1168 3899 1253 3968 Brys-

26 4000 30 4009 ·
126 3985 187 4032 rus,
223 3970 250 4021 ui
268 3976 295 4021 et
312 3987 415 4024 causam
432 3971 566 4039 parricidii
584 3971 715 4053 sagaciter
732 3971 855 4050 odoratus
873 3977 926 4032 est,
945 3986 970 4038 p.
992 3971 1026 4021 95
1044 3983 1085 4036 sq.
1123 3968 1193 4021 Post
1207 3984 1253 4021 aa·

117 3988 260 4161 'numitlere
277 4037 328 4094 142
346 4056 369 4092 a.
388 4041 419 4094 C.
438 4040 603 4094 Bactrianum
620 4038 753 4110 imperium
771 4054 864 4092 sensim
882 4039 909 4090 in
922 4037 1078 4090 Parthorum
1096 4043 1252 4107 potestaten

128 4122 185 4162 cm
209 4143 217 4161 r
738 4142 741 4146 ·
1081 4128 1089 4156 l
