2624 4606
122 232 305 322 sss-'²
463 220 959 337 'luerim-1.

125 424 245 488 quoque
266 423 318 467 res
341 401 485 475 additae,
508 405 615 480 gestae
635 417 693 480 por
709 396 930 479 Apollodotum
937 391 969 479 7)
985 400 1019 456 et
1033 364 1256 472 Menandrum,

125 509 217 571 reges
241 507 356 551 eorum.

127 713 170 763 tos
186 706 236 761 sal
254 700 427 773 ὁρμηθέντες
444 697 503 754 oind
522 699 573 766 τῆς
589 698 708 767 areatas
731 699 784 752 sod
809 695 967 766 Ἱαξάρτου,
995 697 1046 777 γῆς
1062 696 1140 751 κατὰ
1151 696 1256 765 ,Σάκας

123 777 173 832 mai
198 771 389 844 Σογδιανοὺς,
413 764 450 838 ἣν
472 773 601 834 κατεῖχον
626 770 873 837 („oecupatsm‘⁶)
896 764 1007 834 Σάκαι,
1032 772 1097 819 cett.
1135 768 1197 822 Rex
1232 768 1255 821 ui

126 846 220 909 fuerit,
238 843 316 896 laodic
332 841 464 901 nescitura
488 838 521 891 ad
539 837 705 909 discretidqr
721 844 807 890 tamen
832 841 931 904 partera
948 843 1048 889 tautum
1066 852 1158 888 eorum
1177 786 1255 891 heho

127 932 182 970 rum
200 914 310 984 aliquam
327 909 422 964 reterri
439 922 536 976 posse,
558 907 592 958 ad
609 924 632 960 c.
648 909 682 970 6,
700 909 717 972 5
735 908 753 961 6
775 905 986 974 significavimus.
1021 905 1193 972 Languerm
1210 923 1254 975 pua

126 1001 191 1054 rege
206 989 362 1052 pugnantes
396 979 557 1030 Grauertusr
583 975 675 1027 deinde
693 974 704 1042 [
717 1011 829 1026 .....
848 975 969 1027 succeseit
988 974 1188 1095 Eueratidesrp
1204 991 1254 1095 ¹pua

60 1092 64 1097 -
126 1059 256 1123 regnante
273 1053 315 1102 Sc.
334 1054 395 1102 cett.
414 1053 485 1098 reete
502 1042 708 1097 animadvertens
725 1042 815 1096 scriem
828 1042 1022 1095 Bactrianorum
1040 1059 1133 1110 regum
1152 1059 1170 1095 a
1228 1059 1255 1094 u·

127 1121 253 1175 antidora
271 1135 353 1186 usque
370 1114 506 1168 deductam
525 1130 541 1166 a
559 1112 649 1179 Trogo
673 1111 773 1175 tuisse,
804 1128 894 1163 nomen
918 1129 981 1163 vero
1005 1111 1090 1179 ipsum
1117 1128 1170 1163 non
1196 1110 1254 1164 satir

92 1202 96 1209 “
128 1196 204 1244 caute
221 1188 396 1256 interponens.
431 1180 569 1233 Strabonis
585 1181 659 1232 locus
681 1180 758 1233 etiam
776 1181 825 1232 hac
843 1181 875 1231 V.
895 1180 927 1230 l).
947 1180 1128 1232 emendatione
1146 1197 1197 1239 nos
1215 1196 1253 1232 su·

147 1257 267 1311 ersedore
285 1270 361 1324 posse
378 1253 471 1306 docet:
494 1251 628 1302 &canoas
647 1250 798 1321 Drangiani
813 1255 840 1302 et
857 1250 988 1320 Sogdiani
1005 1250 1110 1301 Bactra
1127 1267 1183 1302 oce.
1217 1249 1253 1302 Dr

127 1275 253 1380 harancis
277 1341 304 1374 v.
323 1320 424 1375 Herod.
442 1318 500 1380 ΙΙΙ,
518 1319 577 1373 117.
601 1317 667 1384 VII,
685 1320 728 1375 67.
763 1318 907 1386 Languere.
933 1319 1050 1370 uolebat:
1074 1319 1251 1383 Saracaueaa

58 1418 62 1423 ·
128 1394 251 1465 quisunt
274 1391 372 1443 incolae
390 1387 460 1441 urbis
486 1386 660 1439 Sarmatarum
683 1384 804 1439 Saracae.
839 1386 947 1440 Scodd.
966 1386 1065 1437 Grons
1091 1387 1252 1446 Sarauciaer

128 1467 159 1520 2:
178 1465 326 1515 Saraucaer
356 1457 403 1510 sed
425 1456 477 1508 nuli
506 1454 623 1523 cogitare
648 1456 681 1507 de
704 1455 852 1509 Saracaulis
877 1454 1012 1507 Strabonis
1036 1455 1079 1506 vel
1097 1456 1252 1508 Sacauracr's

128 1528 239 1585 Luciani
257 1547 299 1597 ap.
317 1529 400 1579 Gron.
419 1542 445 1594 p.
467 1525 542 1578 1013.
578 1523 656 1577 Crac.
673 1523 751 1577 mirer
770 1525 965 1578 Seurarathide.
1000 1523 1112 1577 Asianos
1129 1524 1183 1577 iarn
1197 1530 1253 1576 aute

128 1601 258 1668 Bayerum
277 1597 429 1649 defenderat
447 1591 599 1647 Vailluntius
616 1595 712 1648 Annal.
730 1595 788 1645 Ars.
807 1610 833 1663 p.
846 1595 890 1647 61.
915 1593 1012 1660 Panga
1028 1594 1136 1648 Arianis
1159 1591 1251 1656 Quidni

129 1676 214 1722 autem
231 1665 378 1732 Sogdianos
396 1678 498 1730 quoque
516 1661 631 1731 Scythae
648 1661 848 1714 lacessiverint
875 1660 1005 1714 Sufficere
1021 1661 1128 1715 videtur
1145 1661 1175 1714 in
1192 1663 1252 1715 haus
1302 1728 1304 1737 ¹

129 1753 183 1791 rem
200 1733 370 1787 testimonium
388 1729 532 1783 Strabonis.
829 1738 833 1755 ²
1213 1740 1216 1746 ·

200 1805 226 1871 γ)
252 1803 341 1854 lndise
364 1801 411 1851 hos
437 1805 496 1866 post
519 1798 691 1865 Alexandrum
708 1812 785 1866 reges
806 1796 887 1851 fuisse
903 1797 1001 1850 diserte
1018 1802 1143 1852 armatur
1162 1798 1190 1852 in
1206 1799 1252 1852 hr-

130 1872 198 1927 risui
214 1870 319 1938 Periplo
335 1868 413 1922 maris
430 1867 537 1936 Erythr.
555 1878 582 1935 ρ’.
599 1867 633 1920 tt
650 1865 748 1932 Hadra
772 1884 797 1918 v.
816 1868 944 1936 Bayerum
966 1867 1012 1921 lib.
1029 1867 1047 1923 l.
1065 1885 1128 1938 pag.
1144 1870 1182 1923 78
1199 1882 1251 1936 sqq.

130 1941 202 1996 Male
220 1939 300 1993 edunt
317 1956 333 1991 e
349 1936 425 2007 codd.
443 1941 567 1988 recentia
590 1936 792 2003 Apollodorum
816 1943 857 1988 est
873 1931 1075 1998 hlmaiio'doeoe.
1111 1936 1252 1990 infeliciter

29 2018 32 2025 '
130 2011 158 2067 lu.
174 2010 191 2062 l.
209 2009 365 2078 inunguatur
391 2006 501 2058 additae
518 2022 549 2057 ec
566 2004 723 2072 Apollodoro
748 2004 947 2070 (Parthinorum
972 2010 999 2057 et
1021 2006 1175 2060 Indicorum
1192 2005 1252 2059 seri-

130 2079 235 2159 ptore),
253 2084 346 2148 gestae
361 2091 416 2143 per·¹
427 2073 599 2126 Menandrum
617 2081 644 2126 et
659 2074 850 2137 hauddum,
868 2091 890 2126 r.
903 2091 925 2128 e.
960 2072 1070 2128 Praeter
1087 2075 1158 2128 vitia
1175 2075 1251 2129 hirta

130 2147 187 2202 riae
203 2148 281 2200 etiam
298 2145 324 2196 in
343 2159 374 2195 eo
392 2144 556 2194 vehementer
573 2146 658 2201 errat,
684 2140 753 2204 quod
771 2143 888 2210 Trogum
912 2141 1040 2195 indicasse
1063 2144 1159 2197 fontes'
1172 2148 1252 2213 potat,

131 2216 201 2270 unde
223 2211 385 2269 narrationes
409 2210 537 2264 hauserit:
562 2227 615 2278 quo
639 2209 702 2263 nihil
723 2211 806 2277 rusgis
829 2211 938 2264 alienum
962 2211 1081 2280 s'l'rogi
1104 2212 1253 2281 scriptione.

131 2285 188 2340 laur
201 2300 281 2354 supra
299 2280 416 2335 diximum
452 2278 518 2343 „De
535 2277 679 2332 Menandro
697 2294 725 2332 r.
741 2279 830 2332 strab.
848 2279 893 2336 lll.
911 2297 936 2351 p.
953 2280 1006 2336 355
1022 2282 1087 2334 fin.“
1105 2282 1226 2337 Fredrich

245 2553 603 2616 ARGUMENTUM
634 2553 901 2616 EPITOMES
933 2552 1146 2615 IUSTINI

33 2720 65 2759 ο
454 2654 729 2716 SECUNDUM
755 2656 939 2717 CAPITA.

167 2795 195 2853 1.
219 2786 380 2849 Parthorum
401 2794 494 2865 origo,
514 2809 620 2864 nomen,
642 2804 791 2863 sueemsus,
811 2795 955 2871 imperium.
1053 2783 1055 2788 ¹
1274 2837 1283 2845 -

101 2882 110 2889 ·
164 2878 195 2939 2.
217 2873 310 2948 Regni
330 2873 455 2932 Parthici
473 2876 679 2937 administratio.
721 2877 881 2937 Pumhmum
903 2897 1006 2954 smero,
1029 2885 1139 2956 uestes,
1170 2901 1256 2955 arma,

217 2959 528 3040 mantuanensem
547 2979 609 3019 mos.
743 2992 747 2999 ·
1122 3006 1126 3013 =

62 3078 65 3085 -
165 3038 195 3110 3.
217 3042 640 3120 amministrandam
662 3046 813 3126 sepultura,
835 3046 947 3125 rdr‘gr'o,
968 3051 1123 3126 ingenium,
1143 3054 1257 3110 uirtutes

217 3133 244 3188 et
264 3130 344 3188 uitia.
961 3124 966 3140 ’
1124 3180 1129 3186 .

166 3213 196 3280 4.
219 3211 406 3272 Parthicarum
424 3233 516 3291 regum
538 3234 580 3272 res
595 3220 694 3290 gestae.
761 3260 781 3269 ..
804 3221 807 3229 '

101 3320 104 3326 ’
165 3298 195 3362 6.
216 3297 341 3372 Arsaci,
361 3302 551 3376 sapientissimi
568 3299 730 3360 Parthorum
748 3306 838 3377 regis,
856 3304 915 3359 uita
936 3308 961 3359 et
980 3317 1049 3358 mors
1068 3300 1193 3378 placida

167 3386 197 3447 6.
216 3381 366 3442 Bactriani
385 3387 463 3459 regni
489 3389 577 3443 statas
604 3385 652 3444 sah
677 3385 852 3461 Eucratide,
886 3389 933 3465 qui
959 3406 978 3444 a
997 3385 1063 3464 filio
1091 3391 1254 3467 opprimitur.

218 3464 378 3528 Parthorum
398 3468 487 3527 bellici
505 3490 648 3530 maranes.
704 3470 707 3477 '
1091 3512 1094 3517 -

154 3780 169 3831 1
255 3773 277 3833 l.
299 3751 423 3848 Parthi,
445 3795 531 3854 penes
546 3797 616 3854 quos
630 3778 707 3837 velut
725 3780 861 3854 divisione
873 3779 946 3838 orbis
962 3797 1021 3837 mm
1035 3777 1171 3837 Romanis
1187 3760 1254 3838 laeta

149 3860 250 3918 tunae
263 3857 386 3918 Orientis
407 3863 552 3942 imperium
566 3869 625 3937 est,
645 3862 809 3941 Scytharum
832 3865 937 3925 exsules
958 3866 1044 3924 sucre.
1087 3863 1152 3922 Hoc
1172 3865 1254 3925 etiam

59 4074 62 4081 ·
202 4041 235 4097 0.
251 4042 273 4094 Ι.
298 4046 316 4109 S
334 4047 357 4098 1.
392 4046 544 4112 Scytharum
561 4045 676 4114 memes]
701 4045 742 4105 Do
757 4052 891 4116 ternpore,
934 4064 968 4100 uo
991 4045 1126 4115 Scythiam
1144 4046 1254 4117 relique·

134 4109 205 4175 cist,
230 4109 357 4166 Arrianus
379 4111 406 4165 in
431 4113 562 4168 Pmthiois
584 4113 731 4171 tradiderat
754 4111 895 4185 Πάρθους
916 4064 1178 4183 &Maenadas
1202 4112 1252 4169 soi
