2624 4606
269 287 466 350 maroa.
488 288 577 353 am.
599 288 702 351 xnrn.
728 287 825 370 car.
848 297 876 359 1.
897 298 927 359 a.
950 297 980 358 s.
1019 267 1027 286 '
1119 297 1183 389 aas

61 444 263 515 reverteretur,
284 461 342 500 rem
354 441 501 500 Faustulus
520 448 617 520 pastor
632 442 823 504 animadvertit
835 445 1048 523 subtractosque
1062 434 1139 509 ferae

62 527 256 602 inter-greges
278 526 408 604 pecorum
430 527 534 602 agresti
555 527 612 585 vita
631 529 751 586 nutrivit
793 528 911 588 Martios
926 549 1029 608 pueros
1044 532 1164 607 suisset

62 611 120 669 sive
135 612 212 685 quod
225 611 255 668 iu
266 610 326 669 luco
339 610 438 668 Martis
453 611 525 670 enixi
540 617 604 670 snut
616 613 675 671 sive
689 613 797 694 quoda
810 613 891 693 lupa,
915 633 986 690 qnae
1005 617 1034 673 in
1054 617 1140 679 nitela

61 694 160 762 Martis
176 700 234 768 est,
256 697 370 768 nutriti,
396 694 472 754 velut
485 697 635 754 manifestis
649 697 819 772 argumentis
837 700 979 756 creditum.
1016 699 1162 762 Nomina8

60 779 169 858 pneris,
191 779 269 838 alteri
281 779 383 853 Remo,
405 779 482 837 alteri
496 778 611 838 Romulo
624 782 709 840 suere.
750 781 858 839 Adultis
877 783 948 841 inter
962 789 1088 860 pastores
1103 786 1140 846 de

15 934 17 939 Ι
60 863 161 921 virtute
176 864 339 938 quotidiana
351 865 499 947 certamina
515 871 544 923 et
559 865 633 923 vires
643 870 672 924 et
688 866 879 943 pernicitatem
900 885 1008 926 acuere.
1049 868 1163 944 Igitur9
1230 869 1234 880 “

61 967 122 1006 curn
139 946 259 1006 latrones
275 949 401 1026 arapina
416 968 547 1027 pecorum
562 949 696 1008 industrie
709 951 922 1027 frequenterque
935 953 1139 1028 submoverent,
1162 965 1166 972 '
1247 1005 1256 1012 .

60 1030 166 1089 Remus
186 1032 221 1089 ab
236 1033 333 1090 iisdem
350 1031 500 1090 latronibus
515 1033 735 1110 captus,'velnti
755 1035 816 1112 ipse
837 1040 911 1094 ess'et
932 1037 1007 1112 quod
1028 1038 1056 1095 in
1077 1037 1137 1096 aliis
1214 1026 1216 1029 ¹

60 1115 246 1192 prohibebat,
269 1118 329 1193 regi
351 1118 481 1175 offertur:
510 1117 614 1175 crimini
636 1117 739 1191 datur,
762 1120 842 1194 quasi
863 1138 963 1194 greges
983 1118 1137 1181 Numitoris

60 1201 193 1257 infestare
207 1199 304 1257 solitus
320 1206 401 1260 esset.
445 1199 527 1259 Tunc
539 1209 556 1260 a
569 1221 636 1278 rege
650 1200 790 1260 Numitori
810 1204 839 1261 in
860 1203 991 1263 ultionem
1012 1207 1137 1279 traditur.
1153 1209 1156 1215 ’
1242 1249 1246 1262 .

60 1282 119 1341 Sed
132 1282 262 1342 Numitor
276 1285 460 1344 adolescentia
475 1285 580 1343 invenis
593 1292 733 1364 permotus
754 1292 782 1344 et
800 1287 828 1344 i'n
847 1282 1030 1365 suspicionem
1051 1310 1137 1368 erpo-
1145 1299 1178 1350 10

28 1400 35 1423 0
60 1367 106 1428 siti
117 1369 226 1444 nepotis
242 1369 396 1442 adductus,
416 1390 478 1427 cnm
492 1389 553 1428 eum
566 1390 640 1428 nunc
653 1370 878 1430 lineamentorum
892 1372 965 1432 filiae
977 1373 1135 1448 similitudo,

21 1522 23 1526 y
59 1469 133 1509 nunc
147 1458 223 1510 aetas
238 1455 414 1530 expositionis
430 1455 599 1530 temporibus
619 1474 772 1530 congruens
796 1458 907 1514 anxium
926 1463 1067 1532 tenerent,
1091 1478 1136 1518 re-

58 1542 144 1614 pente
165 1537 313 1594 Faustulus
334 1558 394 1595 cnm
420 1538 539 1596 Romulo
560 1540 733 1616 supervenit:
768 1558 860 1616 aquo
889 1543 1000 1616 cognita
1028 1543 1135 1619 origine

58 1634 205 1698 puerorum
223 1624 295 1679 sacta
316 1621 521 1700 conspiratione
542 1629 571 1680 ct
589 1621 778 1683 adolescentes
800 1624 828 1681 in
849 1625 979 1685 ultionem
993 1634 1136 1687 maternae
1210 1625 1236 1667 '⁴

60 1705 135 1761 necis
147 1711 176 1764 et
190 1694 319 1764 Nuniitor
331 1707 359 1763 in
375 1707 529 1787 vindictam
538 1709 627 1785 erepti
639 1709 718 1783 regni
731 1714 880 1767 armantur.

143 1788 192 1846 Ill.
214 1790 313 1848 Occiso
326 1789 434 1848 Amulio
448 1811 563 1867 regnum
575 1790 713 1850 Numitori
728 1793 882 1850 restituitur
894 1799 923 1852 et
935 1793 998 1873 urbs
1007 1784 1157 1853 Romanat

59 1873 95 1929 ab
111 1872 330 1934 adolescentibus
346 1876 480 1933 conditur.
524 1875 605 1935 Tunc
625 1874 776 1936 et'senatos
793 1884 901 1936 centnm
916 1877 1072 1952 seuiomm,
1087 1881 1160 1955 qui2

60 1955 158 2014 Patres
175 1959 241 2015 dicti
262 1964 343 2032 sunt,
365 1961 555 2030 constituitur3
581 1966 646 2018 tnnc
669 1966 698 2018 et
720 1961 814 2018 vicinis
836 1962 970 2018 connubia
991 1969 1134 2038 pastorum
1192 1976 1200 1984 ’

59 2041 272 2117 dedignantibus
286 2043 404 2118 virgines
416 2044 539 2101 ,Sabinae
550 2044 707 2120 rapiuntur3
728 2045 905 2120 finitimisque
925 2045 1033 2121 populis
1052 2048 1133 2105 armis

60 2126 191 2184 subiectis
203 2127 318 2205 primum
331 2127 428 2185 ltaliae
442 2133 474 2185 et
484 2145 547 2184 mox
561 2123 634 2184 orbis
648 2129 791 2204 imperium
804 2130 967 2202 quiaesitnm.
1179 2123 1181 2126 ’

126 2203 199 2268 ¹Per
220 2225 253 2270 ea
276 2211 366 2269 adhuc
384 2219 507 2288 tempora
525 2231 606 2286 reges
627 2204 719 2268 hastas
739 2231 791 2287 pro
813 2212 972 2290 diademate
984 2211 1158 2286 habebanttl
1221 2246 1226 2262 .

58 2313 129 2372 quas
144 2295 244 2355 Graeci
257 2302 359 2371 sceptra
371 2296 472 2354 dixere.
515 2294 588 2351 Nam
603 2301 633 2354 et
643 2296 687 2377 «ab
708 2295 814 2369 origine
832 2314 921 2353 rerum
941 2315 993 2372 pro
1013 2296 1064 2353 diis
1082 2296 1133 2354 im·

57 2379 218 2437 mortalibus
231 2385 337 2438 veteres
352 2381 446 2437 hastas
462 2378 585 2437 coluere:
607 2380 643 2437 ob
659 2380 735 2437 cuius
751 2378 891 2454 religionis
904 2382 1062 2438 memoriam
1079 2380 1131 2438 ad-'
1150 2455 1154 2465 ι
1265 2411 1276 2420 ·

57 2464 112 2522 huc
124 2458 237 2522 deornm
255 2465 406 2522 simulacris
420 2464 515 2521 hastae
530 2464 676 2524 adduntur.
1173 2535 1179 2545 .

135 2547 327 2626 Temporibus
350 2548 494 2624 Tarquinii
515 2547 589 2625 regis
608 2567 645 2608 ex
662 2547 728 2604 Asia
750 2545 986 2604 Phocaeensium*
1005 2547 1157 2606 inventust

56 2633 129 2690 ostio
144 2630 254 2692 Tiberis
266 2634 374 2692 invecta
385 2634 530 2690 amicitiam
546 2651 606 2689 curn
620 2631 753 2706 Romanis
770 2634 871 2690 iunxit:
890 2632 955 2688 inde
974 2624 1013 2688 in'
1023 2630 1132 2689 ultimos

57 2717 166 2776 Galliae
184 2719 259 2776 sinus
272 2719 386 2777 navibus
405 2719 529 2795 profecta
549 2716 699 2776 Massiliam
714 2718 787 2776 inter
799 2716 917 2793 Ligures
932 2721 962 2774 et
977 2717 1048 2788 ieras
1062 2735 1132 2792 gen·
1152 2736 1154 2742 ’
1173 2747 1175 2752 ·

57 2913 60 2917 .
134 2845 148 2878 *
169 2841 342 2903 Placennina

126 3046 142 3109 S
160 3045 185 3100 9.
221 3043 321 3096 crimini
338 3045 433 3107 datm,
449 3043 484 3110 a]
504 3041 601 3106 Goth,
620 3043 633 3094 1
654 3041 743 3094 Mod:
762 3038 931 3109 criminatur,
943 3061 966 3112 q.

126 3113 158 3165 (l.
176 3113 222 3164 lll.
249 3115 265 3177 §
283 3115 314 3167 3..
343 3112 450 3179 hastas]
475 3111 515 3163 Dc
535 3127 564 3162 re
581 3110 646 3162 satis
664 3111 744 3162 multa
762 3110 920 3177 collegerunt
936 3111 1066 3179 interpp.;
1084 3107 1177 3160 eodem

55 3182 145 3244 modu,
163 3181 273 3234 sirecte
290 3181 404 3242 memini,
431 3180 536 3232 eandem
554 3187 659 3247 ceperat
676 3177 817 3230 Suetonius
834 3180 861 3228 in
878 3178 963 3246 fragg.
987 3206 1022 3217 -
1045 3178 1096 3230 Pto
1113 3194 1186 3229 νοτ-Ι

55 3248 113 3302 bis:
131 3253 162 3302 nb
181 3251 283 3319 origine
298 3268 383 3302 rernm
403 3250 502 3302 Perias
520 3249 688 3318 Aborigines,
706 3253 735 3299 nt
753 3245 899 3298 coniecerat
915 3246 1027 3315 Lipsius.
1247 3284 1250 3291 .

126 3321 142 3384 §
160 3317 184 3374 4.
223 3321 357 3386 Tarquinii
373 3319 459 3389 regis]
478 3315 578 3380 Prisci,
595 3317 689 3378 aiere
706 3319 766 3370 600.
802 3314 874 3366 Male
890 3315 927 3367 lo.
946 3315 1044 3367 Christ.
1061 3313 1172 3366 Iohann-

54 3403 117 3450 sen,
147 3389 242 3440 veteris
266 3389 402 3440 Massiliae
425 3404 466 3438 res
489 3393 522 3439 ,et
545 3387 667 3438 instituta
692 3403 723 3438 ea
747 3385 866 3449 fontibus
895 3385 1051 3437 adumbrata
1075 3381 1171 3449 (1817)

55 3473 82 3522 p.
102 3457 134 3508 13
151 3472 190 3524 sq.
208 3454 335 3508 intellexit
350 3456 501 3524 Superbum.
536 3455 569 3506 V.
588 3453 707 3506 Vossinm
725 3456 758 3505 ad
777 3453 802 3504 b.
819 3452 836 3504 l.
853 3480 888 3492 -
913 3450 1045 3505 Massiliae
1061 3466 1103 3503 res
1124 3449 1171 3501 ad·
1215 3500 1221 3507 ,

55 3523 145 3577 bibitis
163 3533 190 3576 et
207 3526 337 3577 veteribus
355 3533 383 3576 et
399 3523 588 3576 recentioribus
604 3521 727 3574 subsidiis
742 3523 823 3573 ferme
841 3519 954 3573 omnibus
972 3520 1110 3589 diligenter
1124 3517 1171 3570 ad·
1212 3581 1218 3586 ἢ

55 3592 182 3644 umbravit
205 3592 424 3646 coniunctissimus
449 3593 508 3645 olim
531 3589 589 3643 milri
614 3590 641 3642 in
660 3590 797 3642 Academia
815 3588 981 3656 Gottingensi
998 3587 1172 3640 Henricus

58 3662 229 3714 ll'ernnarr
252 3661 364 3714 bistonio
390 3662 546 3726 reipublicae
566 3661 767 3719 Massiliensium
788 3657 807 3710 a
828 3658 979 3727 primordiis
1004 3658 1040 3709 ad
1061 3654 1172 3718 Neronis
1270 3661 1272 3667 '

55 3737 189 3798 temporum
208 3729 367 3795 Gottingae,
393 3731 467 3782 1826.
502 3730 528 3780 Is
546 3728 622 3782 etiam
641 3729 673 3780 de
691 3728 744 3792 rei,
767 3743 833 3796 quae
850 3727 899 3778 lina
915 3729 932 3791 5
950 3732 1083 3787 narratur,
1101 3721 1171 3776 veri·

54 3803 110 3851 tate
126 3798 247 3851 iudicium
265 3797 327 3849 tulit
344 3795 458 3848 excussis
475 3798 632 3867 argumentis
650 3814 674 3865 p.
692 3795 727 3848 87
744 3812 783 3864 sq.

124 3865 308 3931 Florentiam]
326 3865 366 3916 lta
384 3864 458 3916 codd.
476 3883 578 3930 omnes,
596 3865 672 3920 etiam
691 3861 841 3917 Vincentius
859 3879 891 3914 er
909 3858 1069 3926 Heliuaudo,
1086 3857 1169 3929 Spin
1197 3919 1202 3922 ,
1246 3883 1249 3889 ·

31 3978 34 3985 .
54 3933 109 3998 Ill,
128 3953 150 3987 c.
169 3938 228 3988 111.
263 3932 400 4003 Antiquam
418 3933 523 3996 vitiuma
542 3953 568 3990 v.
585 3951 665 4001 supra
683 3933 716 3985 ad
735 3931 875 3991 XXXVII,
896 3932 928 3995 1,
946 3933 962 3994 §
981 3933 994 3983 1
1013 3936 1041 3981 et
1057 3928 1170 3998 interppi

54 4003 81 4059 h.
98 4005 115 4056 l.
149 4003 236 4056 Hodie
253 4002 351 4055 editura
371 4003 588 4069 Phocaeensium„
612 3996 658 4054 Sic
675 4008 703 4053 et
719 4005 736 4066 §
754 4002 778 4055 5.
797 4026 830 4038 -
856 3999 953 4067 Bongr
974 3999 1103 4067 iuberis.⁴

77 4076 80 4081 ⁴
120 4073 258 4141 prosecta]
282 4071 450 4124 Frotscherus
474 4079 596 4140 tauquam
619 4068 747 4122 Gronovii
770 4067 945 4122 excudendum
969 4066 1085 4120 amavit:
1107 4081 1169 4134 pru·
1258 4131 1260 4136 .

51 4148 142 4206 aecta,
161 4159 176 4194 s
192 4141 273 4195 Dorv.
292 4141 324 4196 ds
342 4157 367 4194 v.
384 4132 527 4211 Wopkens.
563 4138 652 4192 Paullo
668 4144 730 4192 ante
748 4135 922 4190 Heliunudus:
939 4128 1016 4190 ands.
