2624 4606
102 246 182 307 ,802
417 230 997 301 .tusT1N1·''

46 399 52 409 “
108 415 114 425 “
162 397 266 474 aliquid
278 399 390 471 egeret,
412 394 463 454 sed
474 412 510 453 ne
524 412 575 471 per
587 395 681 453 carnia
693 391 756 454 enm
768 395 906 474 sprevisse
921 394 1076 465 videretur,
1098 393 1241 452 omnibus·

113 488 218 561 ‘ique
236 480 392 560 perrogatis
411 484 579 557 postremum
598 480 801 555 interrogasses
837 479 901 546 Quo
923 479 1114 538 animadverso
1140 478 1241 536 intelli·

163 570 225 642 gere
245 585 272 623 rc
292 565 433 642 protessus
453 568 509 635 est,
530 582 581 620 non
604 567 670 640 quia
687 570 764 640 egem
789 564 914 636 consilio,
941 563 986 620 sed
1010 563 1047 621 ud
1066 562 1240 640 supplendum

162 668 297 709 numerum
308 649 495 705 sententiarum
509 666 536 704 se
551 653 688 706 uocatum:
707 656 793 706 taurea
807 651 833 704 et
847 648 906 704 odia
917 646 1100 706 Romanorum
1114 653 1140 706 et
1151 666 1241 706 omme

164 739 252 810 regis,
272 733 344 809 opud
358 750 432 808 quem
447 731 531 807 solum
551 737 637 790 tutum
651 733 705 790 sibi
719 732 842 791 exsilium
854 732 974 790 relictum
987 735 1041 804 sit,
1061 752 1088 789 se
1099 735 1175 790 urbm
1194 749 1241 808 ge-

137 819 240 878 3-rendi
257 817 320 876 belli
334 817 526 876 edisserturum.
568 816 684 875 Veniam
701 817 802 876 deinde
823 816 944 876 libertati
963 819 1104 895 praefatus
1125 812 1201 874 rsibil
1214 836 1241 874 sc

162 901 400 962 autccnsiliarum
418 905 468 958 aut
487 905 633 976 capranna
648 903 827 978 praesentium
846 901 958 977 probare
978 902 1032 972 ait3
1053 920 1135 977 neque
1154 901 1240 961 sedeur

136 987 226 1047 stetu
242 988 383 1046 Graeciam
404 985 456 1042 sibi
474 985 609 1062 placere,¹
626 1004 685 1044 cum
706 985 793 1044 ltalia
816 986 918 1042 uberior
938 988 1051 1043 materia
1070 989 1124 1044 sit:
1145 989 1241 1063 quippe

163 1073 299 1132 Romanos
312 1072 385 1128 uiui
396 1090 447 1127 rien
462 1072 519 1127 nisi
530 1073 612 1129 anais
629 1074 686 1128 suis
701 1090 777 1148 passe
789 1089 836 1126 nec
849 1068 960 1127 Italiam
973 1070 1053 1128 aliter
1067 1089 1147 1147 quarn
1157 1069 1240 1128 Itali-

164 1162 203 1217 cis
219 1155 444 1229 uiribus-subigi:
471 1154 752 1231 siquidem-diuersum
770 1159 861 1213 ceteris
876 1155 1030 1212 mortalibus
1050 1174 1103 1212 esse
1122 1153 1193 1212 illud
1214 1159 1241 1213 et

137 1243 296 1302 bituminum
309 1243 335 1297 et
350 1239 413 1297 belli
423 1257 515 1314 genus.
559 1239 630 1296 Aliis
644 1240 718 1297 bellis
729 1240 874 1317 plurimum
888 1242 1011 1297 momenti
1022 1239 1116 1298 labere
1124 1243 1240 1317 priorem

162 1328 283 1405 aliquam
298 1327 394 1402 cepisse
407 1322 564 1382 occasionem
576 1324 629 1381 loci
641 1328 826 1402 temporisque,
848 1343 929 1399 agros
940 1328 1076 1400 rapuisse,
1096 1325 1173 1382 urbes
1187 1324 1240 1381 oli·

83 1420 89 1437 ¹
164 1432 231 1491 quas
245 1399 428 1486 expugnasse:
450 1427 510 1466 cum
521 1408 662 1483 Romano,
684 1429 730 1467 seu
744 1411 915 1486 occupaveris
929 1411 1004 1485 prior
1020 1409 1114 1486 aliqua
1133 1429 1180 1466 seu
1197 1412 1239 1466 ui·

137 1495 244 1568 banis,
265 1497 446 1552 tamenetiam
460 1495 603 1557 conuicio
624 1500 649 1551 et
667 1497 768 1553 iouente
786 1493 939 1552 luctandum
959 1512 1019 1551 esse.
1047 1500 1049 1505 “
1064 1493 1241 1559 Quamobrem

162 1583 258 1658 siquis
273 1599 315 1636 eos
327 1577 456 1636 initalia
469 1577 598 1650 lacessat,
617 1581 674 1637 suis
692 1597 735 1637 eos
749 1581 852 1656 opibus,
875 1582 931 1635 suis
948 1578 1063 1651 uiribus,
1086 1581 1143 1636 nris
1156 1581 1240 1637 armis
1296 1608 1299 1613 ·

137 1670 154 1723 7
159 1685 235 1744 posse
250 1667 369 1735 uincere,
390 1667 459 1720 sieut
470 1666 525 1739 ipse
532 1663 639 1740 fecerit.
685 1663 737 1721 Sia
750 1682 810 1721 uero
825 1664 884 1740 quis
904 1663 959 1720 illis
980 1661 1066 1721 ltalia
1080 1663 1152 1721 uelut
1162 1663 1241 1741 sonte

162 1753 260 1808 uirium
274 1750 393 1821 cesserit,
412 1746 526 1822 perinde-
536 1747 608 1822 fulli
626 1767 659 1805 ac
679 1751 705 1805 si
727 1752 787 1826 quis
806 1766 893 1806 amnes
911 1768 963 1806 non
982 1748 1015 1805 ab
1037 1751 1102 1824 ipsis
1119 1747 1241 1825 fontium

83 1868 98 1892 s
159 1831 314 1911 primordiis
338 1830 473 1905 derisore,
501 1830 546 1888 sed
565 1835 689 1890 concretis
710 1836 765 1890 iarn
784 1851 913 1909 aquarum
935 1833 1044 1890 molibus
1065 1837 1184 1901 uomere
1198 1831 1240 1890 uel

138 1920 295 1976 bensiaeare
306 1915 380 1973 uelit.
423 1915 500 1973 Haec
517 1920 542 1972 et
554 1921 651 1973 secreto
664 1935 691 1974 se
704 1921 832 1975 censuisse
847 1917 967 1994 ultroque
986 1920 1161 1975 ministerium
1180 1936 1240 1975 con-

163 2003 221 2061 silii
241 2003 287 2060 sui
303 1997 440 2068 obtulisses
460 2005 575 2058 et-nunc
592 2002 773 2084 praesentibus
788 2005 882 2060 umids
898 2002 958 2059 ideo
975 2005 1113 2079 repetisse,
1140 2007 1172 2059 ut
1187 2005 1240 2059 sci-

54 2150 58 2155 ,
163 2093 220 2146 rent
236 2105 320 2144 omnes
333 2089 460 2143 rutrbnem
474 2085 585 2160 gerendi
599 2105 656 2144 cum
669 2085 801 2144 Romanis
812 2087 876 2150 belli
883 2129 892 2159 ,
914 2106 1006 2164 eosque
1021 2087 1095 2164 foris
1115 2090 1240 2157 inuictos,

138 2171 234 2230 9rlomi
248 2170 369 2249 fragiles
383 2189 444 2228 esse.
487 2167 561 2229 Num
575 2174 653 2254 prius
670 2170 732 2228 illos
750 2173 811 2230 urbe
826 2186 906 2248 uuam
916 2175 1040 2248 imperio,
1058 2175 1137 2249 prius
1153 2170 1240 2229 Italia

105 2303 107 2307 a
164 2274 241 2335 quarn
253 2257 398 2332 prouinciis
412 2258 476 2314 exui
483 2251 579 2331 posse:
600 2259 693 2333 quippe
706 2261 732 2313 et
747 2276 766 2314 a
781 2256 869 2314 Gallis
889 2262 979 2332 captos
994 2263 1019 2315 et
1031 2277 1049 2314 a
1061 2276 1088 2314 se
1099 2262 1182 2334 p'rcpe
1195 2256 1240 2314 dc-

39 2337 48 2353 *
153 2338 228 2399 letos
240 2358 309 2409 esser
330 2359 411 2418 neque
430 2359 457 2397 se
476 2357 600 2416 umquam
617 2343 717 2398 cutum
736 2343 904 2419 priusquam
925 2345 1001 2398 terris
1014 2360 1100 2400 eorum
1117 2344 1239 2400 cesserit:

26 2478 29 2487 ,
68 2429 71 2434 ’
162 2445 263 2493 reverso
278 2424 466 2502 Carthaginem
478 2427 571 2481 statim
585 2443 644 2482 curn
657 2424 713 2481 loco
721 2424 862 2502 fortunam
877 2424 940 2482 belli
953 2432 1092 2484 mutatam.

139 2517 153 2568 1
206 2578 210 2583 ¹
247 2509 293 2567 VL
315 2509 388 2567 Huic
407 2509 562 2567 sententiae
579 2509 777 2567 obtrectatores
792 2511 872 2568 amici
891 2512 963 2586 regis
977 2517 1071 2582 erant3
1091 2522 1149 2568 non
1166 2511 1240 2568 utili·

161 2599 249 2654 tatem
264 2593 305 2650 rei
320 2595 490 2668 cogitantes,
513 2593 564 2650 sed
578 2597 721 2663 verentes,
736 2611 772 2652 ne
788 2595 905 2670 probato
920 2595 1033 2653 consilio
1049 2597 1107 2653 eius
1120 2595 1239 2672 primum

138 2672 239 2756 iupud
254 2696 348 2751 regern
366 2676 453 2734 locum
472 2677 579 2750 gratiae
597 2682 753 2753 occuparet,
793 2679 831 2736 Et
850 2679 985 2736 Antiocho
1002 2698 1059 2736 nou
1075 2670 1132 2737 tam
1148 2680 1239 2737 cousi·

160 2761 225 2819 lium
245 2779 328 2836 quam
341 2767 445 2819 'errator
466 2759 643 2836 displicebat,
665 2779 702 2818 ne
723 2760 810 2837 gloria
832 2764 963 2822 victoriae
980 2763 1161 2834 Hannibalis,
1182 2783 1240 2822 non

137 2848 212 2903 bsna
229 2851 311 2903 esset.
356 2845 458 2902 Omnia
471 2845 556 2917 igitur
567 2845 648 2918 variis
661 2846 883 2905 adsentationum
901 2848 1102 2906 ustulationibus
1117 2867 1239 2908 carnum·

161 2930 314 3008 pebantur:
336 2928 402 2986 nihil
415 2928 528 2987 consilio
544 2927 586 2986 vel
598 2929 705 2988 ratione
720 2932 864 3007 agebatur.
908 2933 970 2991 Rex
981 2934 1042 3010 ipse
1056 2951 1107 3010 per
1120 2932 1239 2993 hiemem

163 3108 171 3149 Ἰ
188 3141 205 3205 S
222 3140 248 3194 3.
284 3137 479 3206 edisserturum]
501 3137 565 3192 Mss.
585 3139 682 3206 Bong.=
699 3157 750 3192 non
764 3140 931 3193 deserturum.
1202 3197 1205 3202 ν

188 3209 247 3272 55.
282 3209 393 3274 priorem
419 3208 551 3274 aliquam]
576 3208 639 3261 blss.
669 3208 767 3274 Boag„
791 3209 932 3276 Franecq.s
959 3226 987 3276 p.
1006 3213 1134 3278 uliqrsems
1166 3210 1238 3277 quod

118 3275 245 3398 adoptans
260 3275 434 3344 Wopkensius
453 3275 531 3342 legit:
549 3278 666 3346 priorem
685 3278 795 3344 aliquem
813 3279 923 3345 carpsisse
946 3278 1000 3344 (sic
1019 3280 1107 3346 Fran,
1123 3279 1239 3334 Darnb

119 3360 156 3399 sc.
193 3344 273 3411 ella),
292 3345 449 3396 occasionem
466 3345 483 3396 l.
501 3351 522 3396 t.
539 3346 656 3412 rapuisse
672 3351 733 3397 cett.
752 3346 848 3417 (agros
864 3345 945 3400 omitt.
962 3347 1042 3400 Dorv.
1061 3348 1101 3415 3.)

189 3430 271 3483 agros
283 3413 419 3480 rapuisse]
448 3410 493 3464 Sic
516 3411 614 3479 ingenti
639 3430 762 3465 consensu
788 3414 861 3466 codd.
880 3423 907 3464 et
933 3414 992 3468 edd.
1011 3421 1076 3468 vett.
1112 3414 1238 3483 Explica:

119 3479 213 3550 raptim
230 3497 386 3550 occupasse,
408 3479 501 3532 ceteris
519 3481 700 3554 praeripuisse.
724 3482 845 3536 Recenti.
861 3482 920 3535 edd.
938 3500 1038 3536 amnesi
1057 3504 1081 3536 a.
1090 3485 1238 3552 diripuisse,

120 3550 188 3620 quod
205 3550 231 3602 h.
250 3550 266 3602 1.
282 3567 335 3601 non
352 3548 434 3601 voluit
451 3555 550 3601 auctor.

63 3620 68 3631 “
186 3626 275 3672 tasnca
292 3618 388 3684 ctiam]
413 3616 459 3668 Sic
477 3619 508 3669 11
527 3618 660 3681 Gronau,
685 3633 771 3669 ornnes
788 3619 898 3686 Wopk,
923 3618 1016 3685 Grac„
1040 3621 1136 3690 Prag.,
1155 3623 1238 3675 Goth.

119 3685 177 3756 (qui
193 3687 318 3754 tantum).
352 3687 496 3754 Burgum:
511 3692 565 3738 tura
582 3705 618 3750 a,
637 3703 704 3754 quae
721 3701 799 3754 saepe
817 3695 999 3755 permutentur.

186 3757 246 3820 58.
281 3754 349 3810 Edd.
369 3762 433 3806 vett.
452 3760 479 3806 at
495 3754 595 3822 Bong.s
617 3755 746 3807 rationem
764 3773 819 3806 cum
843 3757 918 3808 Rom.
935 3759 1045 3826 gerendi
1066 3760 1089 3810 b.
1114 3759 1203 3821 Quod
1224 3777 1241 3812 a

120 3822 255 3944 grppuvio
273 3823 341 3876 haud
359 3822 438 3886 dubie
455 3841 470 3876 e
487 3839 546 3878 mss.
566 3823 650 3874 editur
666 3822 763 3875 rectius
780 3832 859 3878 estet
872 3826 1034 3879 tonsentiuut
1047 3827 1137 3896 Prag,
1152 3829 1241 3891 Grac,

148 3907 163 3942 o
193 3929 199 3942 .
250 3890 289 3944 ui:
308 3909 325 3944 a
347 3892 414 3944 endi.

189 3928 221 4011 (l.
264 3959 284 4010 I.
311 3909 370 4024 §gh
404 3966 442 4013 ut.
460 3960 514 4026 rei]
538 3959 633 4011 (iotha
650 3962 730 4029 regis.

188 4030 204 4091 §
221 4027 246 4079 2.
281 4045 333 4079 non
349 4027 421 4093 tam]
448 4027 513 4079 blss.
528 4027 628 4094 bauga
644 4047 669 4080 n.
687 4036 798 4083 tanturn.

189 4097 206 4160 S
222 4095 248 4150 3.
281 4111 331 4163 per
345 4094 472 4162 bisonem]
489 4095 549 4149 anui
566 4095 619 4156 561,
636 4097 670 4148 U.
686 4113 725 4160 a,
745 4100 794 4154 191
814 4115 837 4150 a.
857 4099 888 4150 C.
907 4098 1040 4151 Chalcide.
