2624 4606
406 264 600 326 flrsroa.
628 264 717 326 LlB.
743 268 780 328 X.
807 266 903 329 CAP.
927 275 954 333 1.
1113 221 1119 237 Ι
1179 276 1242 339 lla

111 418 162 485 ,Ul
184 424 256 500 post
276 421 409 479 mortem
431 415 511 477 (lolii
532 416 672 495 regnarit
693 418 788 479 Arses
804 418 863 499 14)=
885 420 957 481 dein
980 420 1164 503 parianu),
1190 407 1245 505 qni

19 528 23 533 ·
115 524 187 567 curn
207 503 402 583 Alexandro,
424 502 631 563 Macedonum
647 520 740 582 rege,
761 504 847 567 bello
869 506 1017 568 conflixit.

185 722 210 755 ¹⁴
251 721 349 773 Gadda
367 722 458 774 Arsen.
488 717 582 771 craa=
603 718 705 773 Turres.

184 790 209 875 ²⁸⁵
248 788 413 875 SioPeriz„
432 788 509 841 Grac.
545 786 634 839 Ceteri
652 788 743 871 cudda
768 789 862 843 deindo
877 806 952 854 retra,
976 790 1071 875 inquo
1088 792 1139 845 iarn
1156 794 1238 878 Bong.

112 860 231 914 lurenrtr
249 862 317 913 Dera
333 860 444 913 Dareus.
479 856 538 909 Hoc
560 862 589 909 et
611 874 707 911 occisos
730 858 764 911 ab
786 860 860 915 Ocho
884 860 959 931 regul
982 868 1116 931 optimates
1140 870 1239 934 reccprt

20 944 24 951 '
111 928 226 995 lustin,
243 946 269 982 c.
287 930 314 985 ³·

586 1078 794 1088 ——-

228 1200 595 1265 ARGUMENTUM
619 1199 890 1264 EPITOMES
913 1202 1119 1267 IUSTINI

428 1302 711 1365 SECUNDUM
737 1306 921 1367 cama

144 1450 173 1509 1.
196 1442 357 1501 Artaxerxis
376 1438 525 1501 Mnanonir
542 1441 604 1520 filii
621 1444 771 1519 inpetrem
791 1446 960 1523 conrpiront3
982 1443 1029 1502 red
1045 1447 1237 1523 conspiratione

198 1528 301 1586 detecta
318 1528 465 1604 pnru‘cr'dii
479 1548 580 1604 poenae
600 1527 677 1585 dant.

31 1618 56 1687 '-
139 1618 171 1683 2.
197 1612 286 1671 Causa
304 1612 451 1690 parricidii
471 1632 504 1670 ex
524 1613 634 1680 libidine
652 1616 727 1671 noto.

142 1700 173 1763 3.
197 1698 303 1771 Ocius,
324 1698 486 1756 Artaxerxis
500 1716 649 1769 meremor,
672 1703 845 1775 cognotorum
863 1701 1015 1777 principum
1029 1702 1120 1774 iunge
1133 1702 1235 1773 regiam

197 1782 286 1861 replet.
329 1782 531 1859 Codamunnur,
553 1783 686 1844 Armeniis
703 1783 876 1862 praefectur,
903 1804 952 1843 rex
974 1784 1116 1844 Persarum
1138 1787 1235 1841 canati-

197 1871 294 1927 luitur.

193 2160 215 2218 Ι.
244 2136 423 2230 Artaxerxi,
446 2160 506 2233 regi
522 2158 684 2232 Persarum,
706 2178 739 2217 ex
752 2158 892 2236 pellicibus
904 2165 1012 2218 cenmm
1026 2166 1055 2220 et
1071 2158 1214 2235 quindei

109 2244 163 2305 cirri
181 2245 231 2303 lilii
249 2247 339 2315 luere,
362 2244 413 2302 sed
434 2248 491 2301 tres
511 2249 617 2300 tantum
633 2245 706 2300 iusto
729 2245 902 2301 matrimonio
921 2247 1056 2321 suscepti,
1077 2243 1191 2313 Darius,

13 2353 16 2359 ·
107 2330 292 2388 Ariarateset
307 2328 410 2386 Ochus.
453 2326 685 2386 ExhisDarium
701 2334 797 2386 contra
811 2346 915 2386 morem
931 2327 1091 2399 Persarum,
1114 2326 1216 2404 apud2

108 2433 180 2492 quos
194 2433 242 2473 rex
255 2431 312 2471 non
324 2413 378 2469 nisi
394 2418 483 2471 morte
496 2419 635 2488 mutatur,
658 2432 708 2490 per
723 2413 922 2488 indulgentiam
942 2418 1023 2489 pater
1042 2430 1137 2488 regern
1149 2412 1190 2468 vi-

26 2536 30 2543 ·
107 2519 159 2556 vus
174 2500 258 2572 fecit,
278 2497 345 2555 nihil
367 2497 420 2554 sibi
439 2496 563 2555 ablatum
584 2498 759 2570 existimans,
780 2498 857 2575 quod
874 2498 902 2554 in
917 2496 1001 2557 filiurn
1021 2496 1214 2571 contidisset,3

108 2584 296 2659 sinceriusque
312 2582 443 2657 garrdium
461 2602 495 2641 ex
514 2583 706 2661 procreatione
721 2588 867 2661 capturus,
890 2583 914 2641 si
925 2583 1045 2659 insignia
1058 2582 1189 2641 maiesta-

107 2668 143 2725 tis
157 2687 225 2727 suae
238 2668 316 2725 vivus
336 2666 365 2723 in
380 2666 437 2724 filio
452 2670 648 2745 conspexisset.
689 2668 749 2727 Sed
766 2667 866 2726 Darius
884 2674 951 2747 post
971 2687 1043 2728 nova
1055 2666 1214 2747 paternaed

105 2752 220 2831 pietatis
242 2750 368 2828 exempla
389 2751 571 2811 interficiendi
591 2754 678 2831 patris
697 2751 840 2811 consilium
856 2755 946 2831 cepit:
973 2752 1141 2825 sceleratus,
1162 2752 1219 2818 sio,

107 2835 185 2895 solus
205 2836 379 2914 parricidium
398 2837 567 2912 cogitasset3
588 2844 666 2896 tanto
689 2836 861 2910 sceleratior,
883 2838 960 2914 quod
978 2839 1006 2895 in
1024 2839 1187 2897 societatem

105 2922 237 2979 marcoris
263 2922 406 2979 adsumtos
427 2909 629 2997 qninquaginta
653 2924 753 2980 iratres
782 2922 848 2980 fecit
868 2922 1028 3000 parricidas.
1071 2921 1212 2981 Ostenti6

104 3024 220 3086 prorsus
232 3024 338 3083 genna,
360 3006 409 3063 nbi
419 3007 449 3063 in
470 3010 548 3069 tanto
561 3005 735 3085 populonon
753 3004 840 3065 solnm
853 3008 968 3079 sociari,
990 3005 1187 3065 verumetiam

106 3088 182 3149 sileri
197 3091 373 3169 parricidium
391 3092 496 3167 potuit:
518 3095 549 3147 ut
569 3092 604 3148 ex
622 3090 825 3167 quinquaginta
843 3088 936 3165 liberis
957 3110 1038 3148 nemo
1059 3091 1185 3147 inventus

106 3174 159 3249 sit,
179 3194 263 3251 quam
278 3180 327 3233 ant
339 3180 456 3251 paterna
471 3176 600 3233 maiestas
616 3180 665 3233 ant
686 3175 828 3233 veneratio
846 3176 921 3235 serris
943 3179 993 3232 aut
1014 3171 1186 3247 indulgentia

104 3258 192 3335 patris
207 3264 318 3319 etanta
337 3259 509 3318 immanitate
525 3263 675 3319 mrocaret
709 3258 826 3317 Adeone
841 3257 894 3318 vile
915 3263 1062 3338 paternum
1082 3257 1210 3314 nornen'l

173 3441 205 3493 C·
222 3439 246 3493 1.
267 3444 284 3506 §
303 3442 325 3494 1.
361 3442 519 3508 Artaxerxi]
547 3458 622 3510 cogn.
640 3438 780 3495 Mnemoni.

173 3517 274 3563 centnm
290 3511 447 3579 quindecim]
465 3512 525 3580 (Sic
542 3512 625 3563 Goth.
644 3518 672 3563 at
686 3509 799 3578 Bellon.)
818 3508 883 3562 coll.
893 3507 945 3561 Nn
964 3513 1065 3561 centum
1082 3504 1226 3561 duodecim.

172 3579 242 3644 trec]
261 3577 304 3631 Cf.
323 3580 447 3634 Glarean.
465 3582 492 3634 ln.
509 3580 528 3633 l.

171 3647 327 3713 Ariaratcr]
351 3648 397 3701 Sic
421 3650 496 3702 codd.
516 3648 615 3717 aliquot
637 3664 724 3710 racc,
747 3653 778 3701 nt
794 3647 892 3710 Gora,
919 3645 1011 3708 (ἴτης
1044 3646 1108 3696 vett.
1126 3658 1225 3696 omnesa

102 3714 258 3778 Androtion,
277 3723 307 3769 ut
324 3717 424 3769 Bellov.
458 3718 611 3772 Plutarchus
629 3734 653 3768 o.
670 3718 705 3771 ³0
722 3722 800 3770 vocat
816 3711 1018 3782 Ἀριάσπην.
1054 3711 1144 3766 Paullo
1164 3718 1226 3765 anta

57 3808 60 3813 ·
103 3781 207 3849 quidam
224 3784 367 3837 Gronorii=
386 3788 505 3848 Dareum·
522 3805 547 3839 v.
566 3805 591 3856 p.
610 3788 677 3850 836,
695 3784 845 3857 praesertim
863 3785 947 3852 Βοῦς.
966 3782 1000 3835 ad
1017 3781 1073 3848 xl,
1091 3781 1138 3847 16,
1155 3783 1173 3847 S
1192 3780 1225 3837 1³

102 3855 131 3902 at
148 3850 304 3906 Freinshem.
322 3855 356 3906 ad
374 3855 448 3907 cart.
466 3855 520 3919 lll,
539 3858 570 3920 1,
587 3859 605 3921 S
622 3858 648 3909 7.

173 3919 232 3984 Sd.
265 3925 352 3991 nouo]
370 3923 482 3979 insolita.
507 3952 535 3962 -
564 3923 715 3991 consilinm]
736 3920 834 3972 Geta:
853 3921 970 3987 conn'lla,

170 3990 188 4053 S
204 3992 231 4044 6.
266 3998 344 4045 tanta
361 3993 544 4060 immunitate]
563 3992 710 4056 Gronovius
727 4009 743 4042 c
760 3988 859 4057 Magi,
876 3990 957 4044 Dorr.
973 3992 987 4047 1
1006 3993 1034 4043 a
1050 3985 1142 4044 aare
1158 3990 1224 4039 vett.

99 4053 452 4176 1lJokeaniiuuusrirleditr
477 4080 495 4115 o
518 4068 540 4115 t.
558 4061 707 4115 sceleris
728 4060 836 4112 immun.
868 4059 964 4113 Cruci
988 4061 1094 4112 immun.
1111 4054 1223 4111 accim

122 4142 138 4180 a

166 4126 191 4179 lo
207 4134 269 4181 ante
286 4129 368 4184 Goth.
385 4134 468 4186 colum
484 4128 580 4185 omittit
595 4132 657 4184 unte
672 4128 778 4183 aaut.
800 4156 836 4167 —
866 4129 984 4201 populo]
1001 4127 1120 4183 lillomnr.
