2624 4606
236 241 243 251 ’
327 224 524 288 nrsnoa
550 222 747 321 massus.
776 204 873 290 cae.
898 233 924 294 1.
947 186 981 296 a
1076 250 1080 257 ·
1161 172 1224 297 rus

94 398 196 454 nso,
216 380 294 440 curius
307 397 431 439 sororem
443 376 624 457 Lysimachus
639 381 669 439 ln
682 381 857 441 matrimonio
876 382 1025 457 habuerat,
1046 403 1097 462 per
1113 383 1179 442 insi·

94 469 158 527 diss
180 465 380 525 airammum
401 465 552 538 occiditur3
579 484 753 542 regnumque
774 466 973 540 Macedoniae,
1001 471 1078 546 quod
1093 467 1204 549 Lysi-5

96 550 196 611 macho
211 551 367 628 eripuerat,
386 568 450 608 curn
466 549 523 607 rita
535 550 642 627 pariter
654 551 766 609 amittit.
807 551 897 626 Igitur
917 551 1093 616 Ptolemaeus
1112 559 1201 611 eumd
1296 608 1300 615 .

95 643 127 697 et
143 637 173 695 in
183 636 303 712 gratim
312 633 463 694 memoriae
472 635 568 710 magni
578 633 732 695 Ptolemaei
748 637 835 713 patris
854 643 884 694 et
902 637 931 695 in
949 639 1080 697 favorem.
1094 637 1178 695 ultio-

96 721 140 779 nis
149 719 308 794 Lysimachi
321 719 487 778 ambitiosus
506 720 544 777 sd
556 719 704 796 populures
723 727 814 794 esset,
834 721 923 799 primo
935 721 1093 796 Lysimachi
1109 721 1182 786 tilius,

97 804 244 864 consiliare
266 804 319 861 sibi
338 804 452 875 statuit3
479 805 647 882 nuptiasque
665 803 818 879 Arsinois,
852 807 954 864 sororis
974 824 1057 879 suae,
1079 807 1203 864 matris?

95 907 209 968 mum,
230 889 304 966 petit
314 907 462 976 puerorum
478 889 632 965 adoptione
645 889 794 966 promissa:
814 895 869 961 ut,
890 909 952 949 eum
965 891 1000 948 iu
1018 889 1106 950 locmn
1128 895 1204 968 ρει-8

95 975 148 1034 tris
161 992 259 1032 eornm
269 972 463 1046 antecessisset,
484 972 552 1031 nihil
569 971 608 1030 illi
620 972 711 1032 moliri
725 974 768 1034 vel
780 976 944 1034 verecundia
961 976 1056 1034 matris
1071 973 1115 1033 vel
1128 993 1179 1052 ap·

50 1061 58 1078 ³
96 1057 248 1137 pellatione
264 1058 352 1136 patris
371 1059 514 1117 auderem.
555 1055 662 1117 Fratris
685 1077 799 1135 quoque
826 1060 900 1135 regis
923 1058 1044 1138 Aegypti
1066 1063 1204 1119 esser-9

96 1143 175 1203 diem
193 1162 245 1222 per
261 1140 394 1220 epistolas
409 1143 588 1220 depreeatur,
608 1143 751 1220 professus
767 1142 890 1221 mosee
905 1154 932 1202 re
950 1144 1078 1220 offerrem
1097 1145 1181 1221 erepti

93 1231 206 1306 paterni
224 1229 318 1302 rogus,
338 1245 421 1304 neque
437 1227 553 1305 emplius
565 1248 584 1286 a
598 1227 690 1305 fratre
704 1231 904 1306 semmurum,
927 1229 997 1307 quod
1016 1220 1149 1302 honestius
1161 1247 1181 1286 u

116 1319 208 1370 meus
222 1311 294 1370 horte
300 1313 452 1389 persensiit.
480 1312 622 1390 Omnique
633 1319 694 1372 arte
709 1313 836 1373 adulatur
849 1314 966 1374 Eumeni
981 1321 1010 1374 et
1028 1313 1179 1390 Antigono,
1189 1319 1222 1370 to
1274 1340 1277 1345 ·

128 1397 234 1456 emetrii
246 1394 325 1468 liliis,
340 1394 491 1470 Antiocho,
512 1394 569 1455 filio
584 1396 710 1471 Seleuci,
731 1417 793 1457 cum
808 1399 908 1476 quibus
922 1392 1023 1458 bellum
1035 1398 1179 1461 habiturus
1215 1401 1249 1447 ¹··

95 1480 175 1554 erat,
195 1500 231 1541 ne
242 1482 341 1540 tertius
356 1481 408 1539 sibi
423 1481 511 1541 hostis
524 1483 675 1542 secederet
718 1484 778 1543 Sed
798 1503 850 1543 nee
864 1483 1001 1559 Pyrrhus,
1022 1495 1071 1545 rex
1090 1483 1178 1560 Epiri,
1188 1488 1219 1541 tt

97 1568 233 1639 masas,
254 1567 354 1643 ingens
375 1572 544 1624 momentum
563 1568 686 1642 futurus,
719 1568 773 1626 utri
795 1569 868 1646 parti
894 1569 985 1627 socius
1003 1568 1186 1631 aocessissets
1301 1584 1309 1601 ’

98 1651 149 1729 qui
163 1657 193 1711 et
208 1652 268 1728 ipse
281 1649 402 1728 spoliare
415 1651 538 1727 singrdos
555 1652 669 1729 cupiens
682 1653 808 1711 omnibus
821 1672 859 1712 se
871 1654 997 1731 partibus
1011 1653 1178 1712 venditabat.
1190 1653 1222 1708 12

72 1747 74 1751 “
97 1734 198 1812 ltaque
218 1734 377 1794 Tarentinis
398 1736 529 1794 adversus
548 1735 691 1795 Romanos
708 1737 812 1812 laturus
834 1739 963 1797 auxilium
984 1737 1019 1797 ab
1038 1736 1180 1813 Antigono
1189 1737 1223 1807 lb
1265 1776 1270 1790 .

45 1869 47 1872 Α
94 1838 185 1881 mres
199 1821 395 1880 adcrescitum
410 1821 440 1878 in
460 1819 566 1879 ltaliam
586 1821 792 1899 deportandum
814 1829 909 1881 mutuo
927 1824 1013 1902 petit3
1034 1822 1069 1880 ab
1081 1820 1180 1880 Antio·

94 1905 323 1983 ehopeurniam,
344 1905 391 1981 qui
406 1905 506 1983 opibus
528 1923 612 1982 qnam
631 1905 763 1967 militibus
780 1910 940 1967 instructior
959 1913 1035 1979 erat3
1055 1904 1181 1965 aPtole·
1216 1913 1222 1957 .“
1281 1944 1286 1957 .

98 2006 180 2049 maes
198 1987 384 2051 Macedonum
405 1989 521 2048 militnm
539 1990 649 2050 auxilia.
690 1992 749 2052 Sed
769 1992 962 2069 Ptolemaeus,
977 1993 1026 2052 ‚crui
1041 1990 1181 2050 nulla-di-
1191 1988 1223 2047 14
1257 2039 1262 2047 ,
1294 2060 1297 2067 Ι

99 2244 354 2306 meanwarorum,
380 2239 522 2294 Ptolemaei
543 2241 646 2296 Soteris
670 2240 739 2295 lilius
762 2259 796 2296 ex
819 2240 969 2310 Eurydice,
1001 2239 1057 2295 filla
1075 2239 1223 2309 Antipatri:

100 2330 183 2382 quare
200 2320 340 2366 maternum
357 2327 463 2378 reguum
481 2309 530 2363 sibi
549 2309 682 2365 vindicare
699 2311 853 2375 videbatur,
871 2315 930 2365 dum
949 2310 1127 2363 Macedoniam
1145 2326 1223 2361 oceu—
1279 2350 1282 2359 .

98 2383 192 2465 pubet.
225 2381 387 2449 Pustpositus
405 2379 575 2448 Philadelpho
595 2379 673 2433 tratri
689 2397 722 2435 ex
740 2379 834 2450 pellice
850 2387 910 2433 uate
934 2379 974 2447 (v.
992 2381 1026 2433 ad
1044 2379 1173 2446 xime,
1191 2380 1224 2445 7)
1251 2402 1252 2406 ¹

99 2469 128 2504 ru
145 2448 286 2504 Thraciam
303 2449 336 2502 ad
353 2465 466 2500 sororem
482 2448 647 2503 discesserat

171 2522 228 2585 59.
261 2527 374 2587 putasae
390 2518 480 2585 hoste]
503 2517 624 2571 Seleuco.

172 2591 189 2654 s
209 2591 249 2643 10.
284 2587 410 2652 Eumeni]
436 2586 496 2638 Hoc
513 2587 614 2640 nomine
633 2585 781 2641 Demetrius
803 2586 882 2643 fillum
898 2585 994 2641 nullutn
1010 2587 1116 2658 genuit,
1139 2583 1163 2639 si
1179 2601 1223 2638 se-

101 2667 173 2711 tsroa
191 2655 282 2718 audias
314 2673 338 2710 v.
358 2655 489 2710 Plutarch.
512 2655 586 2710 Deru.
610 2667 694 2721 extr.;
724 2673 807 2725 nequa
827 2657 904 2723 ullum
927 2673 959 2710 aa
981 2667 1068 2711 aetate
1085 2659 1225 2708 Eumenem
1289 2660 1296 2689 r

101 2725 164 2846 nugi
182 2732 288 2791 praeter
303 2725 462 2845 pplaeffiectum
481 2724 606 2847 Aperte?
624 2725 695 2848 pithia
711 2723 885 2846 {u'Bitbynim
904 2726 1026 2810 Antiochi
1041 2724 1226 2848 Del¹partibus

90 2795 1030 2944 :tributii,mittissimus·1t·.i.⁷‚t.⁸.·.⁷3lu;¹lt
1045 2796 1227 2935 tutat.

101 2931 277 2986 coniecturam
295 2931 316 2984 l.
334 2930 378 2984 lu.
397 2930 541 2992 Gronovii,
567 2948 612 2999 qur
637 2932 676 2984 ita
699 2931 733 2984 de
750 2932 800 2987 hue
816 2933 890 2985 locor
924 2933 1055 2997 „Nullum
1073 2926 1146 2985 cirea
1162 2931 1226 2983 haec

101 3008 223 3068 tempora
239 2998 342 3061 invenio
360 2998 514 3061 Eumeusrn,
538 3017 613 3067 quem
637 3000 724 3053 vereri
747 3007 852 3068 poterat
870 3001 1041 3056 Ptolemaeus.
1073 3000 1128 3054 Sed
1146 2999 1227 3052 Niso·

102 3069 204 3125 madeus
221 3069 373 3138 Ritbyuum‚
391 3067 514 3135 Antigoni
531 3067 654 3133 amicum,
672 3069 772 3121 bostem
789 3069 909 3122 Antiochi
927 3070 1032 3123 invenio
1049 3087 1092 3138 ap.
1110 3068 1226 3122 Memno-

88 3155 179 3203 ¹neser
196 3137 268 3190 euius
287 3137 324 3189 illi
339 3137 406 3189 haud
424 3137 503 3190 dubie
521 3136 606 3205 potuit
622 3136 693 3189 utilis
711 3153 768 3189 esse
785 3138 885 3204 gratia,
902 3137 924 3189 si
942 3138 1005 3190 nihil
1023 3137 1107 3201 aliud,
1126 3135 1161 3187 ad
1174 3151 1227 3186 mo-

103 3208 214 3261 randum
230 3205 391 3260 Antiochum.
426 3205 493 3258 Nam
515 3223 572 3259 curu
594 3206 696 3258 duobus
718 3206 776 3258 istis
797 3207 941 3259 simultates
958 3216 1034 3259 eram
1050 3203 1228 3274 inexpiabiles.

104 3291 214 3345 quarum
237 3276 305 3329 alter
328 3274 519 3336 Macedoniam,
543 3274 615 3326 velut
638 3282 772 3343 paternum
795 3291 915 3342 reguum,
940 3274 1103 3338 vindicabat,
1119 3271 1228 3335 alterius

139 3351 206 3408 trem
227 3343 287 3412 ipse
310 3343 489 3397 interiecerat.
506 3343 561 3397 ,lit
585 3345 711 3396 hlumeaea
735 3359 783 3413 pro
801 3345 942 3397 Nicomede
958 3344 999 3396 bis
1021 3344 1100 3397 etiarn
1118 3342 1228 3394 babetur

93 3429 133 3467 sn
157 3411 273 3481 vulgatis
306 3413 492 3482 exemplaribus
526 3411 644 3476 XXVll,
667 3414 714 3467 3.“
756 3412 926 3467 Soribeudurn
955 3413 1046 3482 itaque
1077 3406 1228 3483 proposuit:
1301 3450 1304 3455 .

99 3483 233 3546 timuisse
249 3490 309 3536 orte
327 3483 452 3535 addetur
469 3483 663 3545 Nicomedi,
687 3499 720 3535 aa
743 3500 800 3535 eum
816 3483 950 3551 Astigorro
969 3483 1108 3542 Demetrii,
1135 3479 1229 3531 Aetio-

105 3551 155 3603 elsa
174 3551 274 3603 meos
284 3551 353 3618 filiis
370 3553 461 3603 bellum
478 3552 600 3604 habituro
623 3551 717 3604 tertius
732 3553 782 3605 eibi
799 3552 881 3605 hostis
898 3552 1041 3605 secederet.
1075 3551 1137 3603 Abr.
1156 3547 1228 3599 Gra·
1295 3565 1298 3568 ’

94 3618 199 3673 novius
222 3619 352 3675 eeuieoitr
378 3622 504 3673 adulatur
525 3637 599 3683 eam,
625 3638 657 3674 se
674 3623 807 3689 Antigono
832 3621 960 3673 Demetrii
975 3619 1153 3687 Autisclso'qrra
1176 3613 1229 3687 (sic

104 3687 184 3741 Cras.
203 3692 231 3741 et
249 3688 342 3756 Prag.)
354 3689 415 3754 filio
433 3692 501 3751 Set,
521 3707 577 3741 crim
593 3717 629 3728 -
645 3697 720 3754 erut,
738 3691 832 3743 tertiam
849 3695 912 3745 cett.
1199 3696 1204 3707 ¹

175 3757 328 3825 Antigono]
356 3757 506 3824 cognomine
525 3759 640 3813 Gouutu.
1246 3808 1251 3815 .

177 3827 254 3888 §13-
290 3826 344 3878 Res
361 3824 540 3889 verisimilis,
567 3828 602 3879 ab
619 3825 676 3879 aliis
699 3842 749 3878 nou
766 3825 871 3879 tradita.
894 3854 928 3864 -
962 3828 996 3879 ob
1014 3824 1163 3895 Antigone]
1188 3823 1229 3875 cui
1304 3860 1307 3865 -

107 3902 162 3946 turn
193 3894 323 3948 Graeciae
354 3896 431 3946 urbes
455 3895 583 3962 plurimae
611 3897 755 3966 parebuuts
790 3896 876 3948 sedem
907 3895 1020 3951 hahebat
1043 3893 1170 3961 Corinthi.
1195 3922 1229 3931 -

108 3982 127 4015 o
149 3962 229 4028 Ptol]
253 3964 317 4018 ltlss.
336 3964 434 4030 Bong.:
453 3964 486 4014 ub
504 3963 573 4017 Ptol.
877 3984 879 3987 ·

177 4035 195 4096 S
214 4029 255 4088 14.
273 4032 471 4098 Ptolemaeus]
489 4031 642 4097 Ceraunus,
659 4049 709 4087 uon
727 4031 913 4103 Philadelphus
931 4032 1063 4109 Aegypti3
1086 4049 1143 4087 nam
1161 4031 1230 4084 illius

110 4100 255 4158 cervicibus
272 4101 357 4156 minax
372 4100 504 4159 insidebat
516 4102 643 4172 Pyrrhus.
929 4101 934 4111 ‘
1038 4143 1044 4154 .
