2624 4606
120 242 185 304 alu
472 236 877 299 lUSTlNl

148 398 257 455 —tumen
276 391 383 468 legatos
404 393 442 450 ad
463 391 617 466 consulem,
638 392 687 470 qut
706 408 802 471 pacem
822 396 973 470 peterent,
997 396 1087 469 quam*
1102 393 1180 469 putri
1193 412 1240 450 me

161 478 282 537 Romani
299 478 382 535 etiam
396 478 468 535 vieto
485 479 645 550 dedissent,
666 478 806 555 impensas
820 476 882 535 belli
899 476 961 552 lege
976 478 1041 535 vieti
1054 483 1240 556 suscepturus.

138 562 220 621 tsed
235 560 330 620 consul
345 561 481 640 Sulpicius
498 582 555 621 non
568 564 658 621 minus
671 574 770 637 graves
783 578 866 636 quam
883 561 956 619 vieto
969 561 1046 637 leges
1060 562 1142 620 dixit.
1170 562 1241 621 Dmn

162 647 233 705 haec
245 652 381 721 aguntur,
402 652 478 706 metu
497 653 554 706 tarn
573 647 718 725 periculosi
740 645 803 705 belli
824 645 945 704 Romani
963 645 1113 705 Aemilium
1128 647 1242 705 Paulum

164 730 302 790 consulem
320 738 414 791 ereum
437 734 519 808 eique
538 736 615 791 extra
642 730 765 789 ordinem
794 730 1002 791 Macedonicum
1023 731 1126 789 bellum
1148 734 1242 791 dener-

162 821 247 875 nnnt:
269 816 316 891 qui
329 834 391 874 eum
405 816 443 874 ad
457 816 604 877 exereitum
617 817 754 889 venisset,
776 832 832 872 non
852 832 981 892 magnam
1003 832 1112 874 mosam
1131 836 1244 895 pugnae

138 900 236 959 isen't
257 898 352 958 Pridie
367 918 450 975 quam
463 901 599 979 proelium
615 905 823 971 consereretur,
844 898 908 958 lune
921 906 1003 959 noete
1019 900 1142 981 deiecit,
1164 904 1245 961 triste

163 986 194 1043 id
213 989 352 1044 ostentum
371 984 474 1045 Perseo
495 987 620 1044 omnibus
646 985 884 1065 praesagientibus
906 985 1045 1062 finemque
1070 983 1245 1045 Macedonici

163 1071 244 1145 regui
256 1069 615 1147 portendivatieinantibus.
703 1076 706 1081 '
930 1080 933 1085 '
1023 1071 1045 1109 ἲ
1117 1094 1120 1099 ·

140 1158 156 1212 1
235 1152 284 1228 ll.
313 1152 345 1210 ln
361 1171 396 1212 ea
415 1172 511 1232 pugno
527 1154 568 1213 Μ.
582 1154 679 1228 Cato,
700 1150 816 1211 Catonis
835 1155 952 1212 oratoris
972 1152 1062 1229 filius,
1083 1155 1152 1231 dnm
1173 1156 1245 1214 inter

164 1236 380 1296 confertissimos
406 1239 499 1299 hostes
527 1239 673 1315 insigniter
699 1238 832 1309 dimicat,
860 1258 933 1315 equo
955 1238 1084 1317 delapsus
1114 1240 1244 1317 pedestre

140 1322 298 1401 tproelium
315 1324 486 1399 adgreditur.
528 1323 603 1383 Nam
622 1324 769 1381 cadentem
786 1322 941 1400 manipulus
960 1323 1090 1383 hostium·
1103 1344 1166 1383 eum
1180 1324 1243 1383 hor-

165 1407 226 1464 rido
243 1406 376 1479 clamore,
397 1407 481 1466 veluti
498 1409 633 1467 iacentem
654 1408 879 1482 obtruncatnrus,
902 1409 1188 1467 eirmmsteterutsat
1199 1408 1243 1467 ille

140 1491 242 1551 3eitius
258 1511 373 1570 corpore
385 1491 498 1553 collecto
513 1510 629 1571 magnas
646 1497 754 1569 strages
771 1492 866 1551 edidit.
909 1493 981 1551 Cum
995 1493 1033 1550 ad
1049 1512 1137 1551 unum
1149 1495 1243 1573 oppri·
1291 1559 1294 1563 ⁴

164 1576 295 1636 mendum
307 1576 428 1652 undique
438 1576 533 1649 hostes
545 1575 736 1649 convolarent,
758 1576 824 1633 dum
837 1574 982 1655 procerum
1001 1579 1150 1653 quemdam
1164 1579 1242 1656 petit,

139 1658 274 1736 tguuius
287 1661 315 1719 ei
330 1679 346 1718 e
364 1679 448 1719 manu
470 1661 582 1740 elapsus
598 1662 628 1721 iu
645 1660 766 1721 medium
779 1660 918 1720 cohortes
927 1658 1049 1721 hostium
1065 1662 1186 1721 decidit:
1207 1662 1243 1721 ad

167 1763 251 1820 quem
262 1744 471 1821 reciperandum
486 1748 605 1804 umbone
625 1765 656 1804 se
677 1751 827 1823 protegens
846 1745 1017 1823 inspectante
1030 1752 1153 1823 unoque
1166 1767 1243 1807 exer-

166 1828 222 1887 eitu
239 1829 311 1885 inter
327 1846 471 1888 mucrones
488 1848 519 1890 se
534 1828 654 1889 hostium
669 1823 817 1903 immersit3
839 1828 1039 1906 reeolle'etoque
1058 1830 1156 1907 gledio
1175 1831 1242 1891 mul-

167 1912 203 1970 tis
227 1912 383 1973 vulneribus
398 1908 523 1994 ‘exeeptis
547 1914 585 1974 ad
602 1914 691 1995 socios
715 1932 777 1973 nrm
800 1912 919 1975 elamore
940 1916 1061 1974 hostium
1087 1916 1240 1995 revertitur.

125 2038 333 2050 ----—-—

82 2170 85 2177 ¹
195 2106 255 2173 Si.
290 2105 432 2174 consulem]
451 2107 482 2163 P.
501 2105 627 2160 Licinium
645 2105 773 2161 Cmssnm
1081 2128 1086 2135 ·

194 2176 281 2229 sensui
305 2177 451 2245 Sulpieius]
481 2177 580 2241 Falso,
605 2182 634 2229 ut
655 2176 732 2229 modo
754 2174 875 2231 vidimus.
915 2171 1241 2230 amanuensium

145 2282 153 2297 .
169 2245 205 2300 80
220 2259 261 2315 sq.
279 2245 464 2298 animadvertit
479 2245 602 2297 lustinum
625 2246 735 2309 „unlmo
751 2245 881 2298 varietate
898 2261 930 2297 au
947 2244 1109 2298 multitudine
1125 2260 1244 2298 rsruase

125 2259 216 2382 l'rogo
232 2332 279 2383 per
295 2330 383 2367 omnes
398 2330 431 2384 po
451 2313 507 2366 ulos
521 2331 551 2367 se
567 2313 729 2367 diffundente
747 2315 886 2367 relaturum
901 2313 1055 2366 distreoto“
1070 2314 1101 2368 Ρ.
1118 2314 1245 2368 Licinium

124 2389 285 2452 permutasse
302 2400 357 2436 eum
376 2384 405 2439 P.
462 2381 541 2452 lpiciu
558 2382 662 2446 Galba,
686 2382 732 2451 qul
752 2383 846 2435 bellum
871 2382 1074 2435 Muoedonienm'
1107 2382 1181 2435 rius
1205 2382 1243 2434 in·

125 2451 238 2505 ohoav'it.
272 2451 397 2505 Similiter
412 2450 462 2504 ism
480 2450 640 2515 Glareanus,
663 2466 691 2520 q.
708 2466 736 2505 v·
769 2450 812 2508 Oi.
829 2452 973 2520 Bongars.,
998 2450 1041 2520 qui
1095 2458 1138 2505 ter
1153 2450 1246 2506 statuit

124 2518 152 2572 in
169 2520 201 2573 V.
220 2520 250 2571 1..
269 2538 314 2590 ap.
332 2521 457 2573 Berneee.
576 2540 579 2545 ·
878 2530 881 2535 '
971 2554 975 2561 -

194 2591 255 2654 §6-
287 2588 361 2653 tum]
377 2587 441 2639 Mas.
459 2586 558 2654 Berge
575 2594 671 2640 tomen.
777 2616 782 2625 ·

193 2658 331 2710 Aemilium
347 2658 458 2709 Paulum
474 2656 556 2722 eom]
582 2660 642 2725 post
661 2653 799 2707 triennium
815 2655 935 2725 quidem,
959 2673 1017 2711 eum
1035 2655 1085 2709 ism
1103 2658 1136 2709 Α.
1154 2656 1245 2709 Hosti·

124 2723 174 2777 lius
191 2724 344 2787 Mancinus,
362 2739 434 2777 eone.
452 2725 564 2788 1,·582,
582 2730 610 2777 et
627 2723 663 2786 Q.
682 2722 793 2776 meme
809 2723 961 2797 Philippus,
977 2740 1048 2786 eona.
1065 2742 1090 2780 s.
1109 2725 1244 2791 583,'enn

124 2792 206 2846 Perse
222 2792 392 2845 dimicassent.
1070 2830 1074 2837 .
1204 2838 1207 2845 .

193 2868 270 2914 amu
285 2862 402 2913 ordinem
417 2888 453 2899 -
468 2859 625 2929 demunt]
649 2858 779 2914 Disertins
794 2862 843 2914 hoe
866 2868 956 2916 uenat
972 2863 1106 2919 Plutarch.
1124 2880 1184 2931 esp.
1203 2868 1245 2927 10,

125 2929 282 2983 assentiente
289 2931 404 2993 Zonars,
419 2933 451 2981 ut
463 2928 549 2981 levius
565 2929 592 2981 ln
609 2930 740 2983 tuoe-luen.
751 2938 869 2984 versatus
878 2948 944 2985 esse
961 2928 1052 2985 lri'sius
1068 2930 1178 3001 (XLlV,
1188 2933 1245 3000 17),

29 3068 32 3073 Ι
123 3014 174 3052 nou
191 3016 280 3052 errare
296 2998 409 3052 lustinus
423 2997 608 3063 ,videntum-ut
626 2999 767 3059 Weteelins
784 3003 923 3056 stutuebat
956 3032 959 3039 ·

193 3072 211 3135 s
226 3071 251 3127 7.
284 3067 430 3135 proelium]
455 3067 489 3121 ad
512 3066 646 3133 Pdnrn,
672 3068 707 3123 U.
725 3067 841 3136 notit,
870 3087 895 3124 a.
911 3070 946 3123 (l.
964 3070 1024 3125 168.
1045 3096 1083 3109 -
1106 3067 1244 3135 Vineeut,

123 3138 142 3192 2
158 3136 257 3202 Dore..
276 3138 373 3201 Goon,
393 3136 490 3202 Gran,
507 3148 526 3188 e·
542 3137 568 3189 d.
586 3144 669 3190 vett:
684 3139 786 3194 surm.

192 3213 319 3260 ostentum
335 3234 369 3246 -—
379 3206 824 3277 praegressum-nisenam„
841 3205 1014 3276 „plerique“
1031 3206 1164 3270 Gronov..
1182 3205 1247 3257 Viu-

55 3334 59 3341 ,
124 3279 208 3328 cente
230 3276 675 3345 portentum-uprueruguntituau
705 3275 787 3329 Verbi
800 3292 979 3344 praesagere,
1003 3275 1071 3345 quod
1088 3274 1114 3326 in
1132 3273 1246 3327 Gesnerl

124 3348 152 3396 et
169 3343 305 3396 Foreeltini
322 3343 467 3398 Thesauris
483 3343 582 3394 trustra
597 3344 727 3413 quaerum*
743 3344 889 3412 exemplum
906 3344 1004 3396 invenit
1027 3345 1112 3398 Gron.
1131 3361 1158 3413 p.
1174 3346 1246 3407 9503

123 3411 190 3465 adde
208 3429 241 3464 ex
257 3411 429 3480 Hieronymus
444 3419 630 3480 praesagatur.
667 3414 818 3465 Portentum
839 3414 934 3465 hebent
950 3414 1029 3467 etium
1051 3412 1148 3476 Goth„
1165 3412 1245 3467 Ceae.

123 3508 158 3521 ···
174 3480 301 3534 Detentus
317 3481 415 3533 lunaris
430 3479 527 3532 assidit
543 3481 586 3532 dia
602 3480 798 3534 llllll.1lunio.=
813 3506 817 3521 ·-

48 3608 51 3616 Ι
193 3548 224 3604 0.
243 3549 277 3602 ll.
304 3552 364 3616 Sl.
399 3550 438 3600 M.
458 3548 543 3616 Coto]
574 3548 764 3617 Mus-nonne
789 3550 925 3601 Memmius
941 3552 1028 3611 Coto3
1051 3549 1101 3602 alr
1118 3556 1146 3600 it‘s
1167 3550 1246 3603 Crto.

123 3617 263 3752 Frpptpnns
277 3621 374 3682 etiam,
392 3634 408 3670 e
424 3616 533 3685 Trogo,
551 3623 582 3670 ut
597 3617 726 3671 arbitror-e
745 3619 784 3671 Μ.
802 3620 887 3686 Ceto,
906 3620 1023 3673 Cemorii
1033 3620 1117 3689 fitius.
1139 3618 1202 3687 (IV,
1219 3618 1245 3686 5,

124 3688 142 3751 s
193 3753 253 3817 84.
288 3756 325 3808 nd
341 3755 442 3821 eunius]
458 3753 505 3807 ste
522 3754 666 3823 Bongnrs„
683 3753 773 3821 Preg„
789 3755 945 3826 codicesque
961 3755 1018 3809 sine
1034 3755 1114 3808 dubio
1133 3755 1247 3825 plurimi.

124 3821 167 3874 Ex
184 3821 288 3875 Iuntina
305 3828 389 3879 autem
406 3839 454 3876 sue
472 3824 601 3876 Graevius
615 3823 749 3875 -eorrerite
773 3825 810 3877 ud
826 3842 900 3889 suos,
925 3832 955 3877 ut
970 3826 1050 3895 vulgo
1068 3825 1183 3894 legitur-3
1208 3825 1245 3877 sie

125 3889 201 3942 edum
217 3890 310 3953 Gran,
335 3893 433 3956 Goon,
459 3891 538 3945 Duru.
559 3894 582 3944 1.
600 3895 627 3947 3.
663 3891 815 3947 Frontmus's
839 3911 956 3948 reuersus
977 3904 1017 3948 est
1034 3896 1070 3946 ud
1088 3911 1155 3947 suos.
1192 3893 1245 3956 Qui

125 3964 224 4011 attente
241 3959 318 4026 legit,
344 3960 368 4012 ei
385 3962 468 4013 sorios
489 3962 558 4014 haud
577 3961 663 4031 paullo
689 3961 778 4014 melius
802 3979 859 4014 esse
882 3962 997 4032 patebit,
1030 3962 1121 4015 melius
1143 3979 1247 4031 quoque

125 4027 237 4078 hostium
251 4044 326 4094 quum
344 4031 470 4093 omnium,
494 4031 561 4100 quod
579 4031 663 4083 estin
680 4030 740 4085 edd.
757 4034 822 4083 vett.
841 4038 869 4084 et
885 4032 981 4100 Perge
1007 4048 1063 4084 nam
1081 4035 1180 4084 elamor
1196 4048 1246 4084 non

126 4094 206 4148 solum
223 4094 399 4164 plaudentium
418 4105 459 4150 est
475 4106 502 4152 et
519 4099 734 4166 sedunensium.
753 4098 838 4153 nteit
855 4100 1020 4165 Soluntinus,
1044 4099 1188 4154 sedetiam
1205 4101 1246 4154 in·
