2624 4606
99 242 261 339 'aee
495 248 954 313 riu-surus

107 418 112 426 ’
198 415 233 469 10
240 407 352 468 Seleuci
370 398 540 485 componet.
584 402 708 463 Tantmn
726 402 771 464 rel
791 403 830 463 ihi
856 405 951 473 odium
971 402 1143 483 parricidiale
1165 404 1256 465 soclus
1275 425 1312 464 cs

179 514 200 551 ·.
240 493 304 555 buia
315 493 437 551 favorem
450 491 715 566 indigne-parumne
728 508 804 563 mors
817 490 920 547 sororis
931 489 1074 549 attulerat.

216 585 231 635 1
325 576 360 635 lt
382 575 454 635 Post
466 575 617 633 discessum
637 573 789 633 Ptolemaei
806 573 938 632 Seleucus
956 594 1018 633 cum
1036 574 1169 632 adversus
1183 573 1267 633 civita
1287 603 1306 626 ι.

136 676 139 683 “
240 679 312 739 qaae
327 660 502 733 deiecerant,
524 660 664 734 ingentem
683 656 799 719 classem
811 664 1016 737 comparasset,
1038 664 1157 736 repente
1169 657 1253 717 veluti
1273 661 1294 709 ι
1296 661 1304 673 ”

241 746 308 827 ipsis
329 745 506 823 parricidium
532 744 735 803 vindicantibus
754 744 820 801 orta
843 750 1008 823 tempestate
1029 743 1147 803 classem
1172 744 1312 820 naufragi

184 878 187 883 .
215 830 359 890 tamittit:
380 848 433 888 nec
451 828 605 905 quidquam
625 827 662 885 illi
683 847 718 886 ex
732 833 812 885 tanto
824 835 961 906 apparatu
975 832 1087 907 praeter
1099 828 1204 887 nudum
1218 847 1298 906 corp
1311 872 1312 876 ,

215 906 270 975 het
282 915 447 993 spiritumet
460 931 565 993 paucos
576 914 715 989 naufragii
725 913 837 972 concites
850 913 976 977 residuos
990 915 1100 971 fortuna
1109 913 1186 972 'fecit
1214 912 1282 971 hlu-
1309 940 1312 963 ι

241 1000 354 1077 quidem
376 1017 444 1070 res,
474 999 524 1056 sed
544 997 668 1076 optanda
692 996 809 1057 Seleuco
832 999 901 1055 fuit:
932 998 1067 1074 siquidem
1085 997 1226 1071 civitates,
1247 995 1312 1074 qua

241 1085 307 1142 odio
321 1085 380 1142 eius
395 1083 433 1141 ad
450 1082 638 1141 Ptolemaeum
651 1082 833 1155 transierant,
853 1081 929 1140 velut
949 1083 1003 1140 diis
1025 1081 1135 1139 arbitris
1147 1082 1284 1141 satisfact·
1299 1110 1312 1133 ιι

242 1169 293 1226 sibi
308 1174 398 1240 essct,
418 1168 561 1245 repentina
574 1168 726 1227 animorum
738 1167 935 1226 mundonem
950 1167 1087 1242 naufragii
1104 1167 1283 1225 ιιιὶιειὶιοιι.’
1299 1195 1312 1216 ιι

217 1253 339 1312 Aversac
349 1253 465 1329 imperio
478 1271 509 1311 se
523 1253 581 1310 eius
595 1253 753 1310 restituunt.
789 1250 894 1311 Laetus
907 1252 992 1327 igitur
1005 1251 1082 1309 malis
1097 1252 1200 1325 suiset
1209 1250 1312 1311 dam·'

146 1395 147 1398 ,
216 1337 491 1409 Mitior-redditus,
511 1335 597 1395 ueluti
612 1355 671 1413 par
688 1337 816 1410 viribus,
844 1335 943 1395 bellum
963 1334 1124 1396 Ptolemaeo
1146 1337 1245 1394 insert:
1267 1354 1312 1394 ser

241 1423 323 1499 quasi
342 1423 380 1480 ad
398 1422 544 1479 ludibrium
564 1428 674 1479 tautmu
690 1423 818 1480 fodunae
837 1429 921 1479 natus
946 1428 1021 1480 esset
1039 1440 1091 1480 nec
1108 1427 1224 1498 propter
1240 1419 1311 1481 aliu

242 1526 311 1585 opes
326 1507 406 1581 regni
417 1504 585 1584 caepisset,
608 1524 691 1583 qnam
711 1512 745 1564 ut
761 1506 917 1578 amitteret,
939 1506 1027 1563 dctus
1041 1505 1147 1583 proelio
1160 1504 1289 1563 nou-mul
1299 1533 1312 1554 ιι

217 1595 326 1668 liquam
338 1597 405 1669 post
416 1591 588 1667 naufragium
598 1591 753 1649 comitatior
762 1590 888 1669 trepidus
907 1589 1078 1648 Antiochiam
1095 1590 1228 1666 malugit
1248 1588 1312 1646 lui:

241 1677 280 1736 ad
301 1675 464 1735 Antiochum
482 1677 594 1735 fratrem
615 1675 719 1734 litteras
738 1676 821 1733 iacit:
841 1675 1091 1750 quibusauxilium
1111 1675 1170 1734 eius
1190 1673 1275 1752 impio

217 1759 336 1818 tohlata
349 1760 375 1819 ei
386 1759 453 1819 Asia
467 1760 540 1819 iutra
553 1761 636 1820 linem
650 1759 738 1817 Tauri
749 1760 853 1818 montis
867 1759 896 1817 in
910 1761 1060 1837 praemium
1079 1759 1151 1818 latae
1166 1760 1236 1837 opis.
1260 1758 1285 1817 A

241 1844 348 1903 tiochus
361 1850 471 1917 autem,
491 1864 555 1904 curn
566 1851 641 1904 esset
653 1863 742 1902 annos
759 1845 967 1921 quatuordecim
975 1856 1080 1921 ¹nutris,
1101 1863 1184 1922 supra
1197 1849 1310 1903 aetam

242 1929 323 2005 regnu
337 1929 434 1987 avidus
445 1932 617 1989 occasionem
629 1949 687 1987 non
699 1936 756 1987 tarn
769 1931 816 2008 pio
830 1929 937 2001 animo,
953 1928 1036 2006 quiam
1051 1930 1234 2002 offerebatur,
1244 1949 1274 1989 a·
1296 1930 1303 1943 “

242 2014 317 2092 puit:
334 2014 386 2072 sed
405 2013 518 2086 latronis
531 2034 608 2075 more
625 2020 715 2075 tolum
731 2015 811 2073 fratri
824 2014 932 2091 eripere
949 2017 1063 2092 cupiens
1076 2034 1145 2093 puer
1158 2015 1283 2075 sedem
1298 2044 1311 2067 ιι

218 2098 403 2175 διιὶῐὶΙειιιᾳιιο
419 2101 502 2159 sumit
520 2101 673 2159 andaciam.
714 2099 800 2159 Unde
819 2098 927 2158 Hieran
943 2107 986 2158 est
1002 2101 1225 2176 cognominatus:
1253 2101 1311 2177 qui

242 2202 299 2243 nou
310 2183 448 2258 horninir,
469 2185 520 2252 sed
530 2185 668 2262 accipitris
681 2185 737 2242 ritu
749 2186 777 2242 in
792 2183 888 2243 alienis
901 2185 1049 2263 eripiendis
1061 2187 1143 2243 vitam
1157 2192 1311 2245 sectaretur

216 2268 355 2328 blaterca
364 2267 540 2328 Ptolemaeus
553 2267 735 2349 [Euergetes]
749 2288 811 2328 cum
827 2267 993 2327 Antiochum
1012 2272 1042 2328 in
1060 2270 1188 2328 auxilium
1202 2271 1312 2330 Selene·

244 2355 338 2413 uenire
349 2356 542 2430 cognovisset,
558 2374 595 2414 ne
609 2374 673 2413 cum
683 2355 796 2413 duobus
808 2372 863 2413 nno
876 2362 1003 2432 tempore
1012 2356 1173 2428 dimicaret,
1188 2356 1216 2413 in
1229 2374 1312 2415 anuo

96 2456 98 2461 ’
203 2438 340 2499 lodecem
355 2459 416 2497 cunr
429 2439 550 2499 Seleuco.
560 2458 657 2518 pacem
672 2441 752 2498 iacit:
769 2439 891 2518 sed-pax
905 2441 941 2499 ab
953 2439 1034 2500 hoste
1049 2438 1114 2500 data
1127 2440 1309 2518 interpellato

120 2528 124 2537 '
243 2525 375 2582 airatre:
395 2525 445 2599 qni
457 2527 594 2583 conducto
611 2523 752 2582 Gallorum
763 2526 935 2583 mercenario
950 2527 1071 2587 exercitu
1082 2546 1133 2604 pro
1145 2526 1247 2585 auxilio
1267 2554 1271 2577 ι
1287 2556 1290 2559 ’

203 2605 316 2681 lllnm,
336 2626 387 2684 pro
408 2610 494 2667 fratre
507 2609 615 2668 hostem
632 2608 794 2686 imploratus
813 2608 943 2669 exhihuit
986 2610 1017 2668 lu
1035 2630 1071 2669 eo
1091 2611 1197 2687 proelio
1218 2614 1312 2670 rirtut

244 2690 387 2751 Gallorum
402 2695 489 2752 vietor
505 2695 616 2770 quidem
635 2692 785 2753 Antiochus
800 2694 869 2753 linit:
890 2692 941 2753 sed
953 2694 1027 2753 Galli
1037 2695 1205 2755 arbitrantes
1219 2696 1270 2757 Sel
1294 2723 1297 2748 ι

270 2879 287 2941 s
307 2879 346 2928 10.
362 2873 546 2943 parricidiale]
563 2876 603 2928 lta
619 2876 703 2945 llong.
718 2874 821 2943 (cuc,
837 2875 933 2944 Prag.)
948 2876 978 2928 et
988 2891 1056 2944 qnos
1072 2874 1141 2929 vidit
1157 2876 1301 2947 Wopkens.

201 2952 290 3067 :legali
316 2962 343 2997 v.
362 2944 545 3015 Wopkensium
563 2945 597 2998 nd
613 2945 674 3000 h.l.
715 2945 880 3013 Gronovius,
903 2944 1019 3014 ignotam
1039 2962 1093 3015 qua
1116 2962 1209 3001 mss:
1229 2951 1309 3016 porri

129 3092 139 3105 ·
214 3108 224 3115 ··
259 3081 301 3135 v.
319 3081 353 3135 ll.
372 3074 394 3148 S
413 3086 426 3137 l
445 3097 504 3152 sqq.
531 3082 607 3137 'Pide
623 3082 754 3139 Niebuhr.
773 3083 826 3138 hl.
863 3084 940 3139 err
955 3098 1015 3154 serp.

231 3162 248 3183 ·“
269 3151 526 3235 oompnrwrtlpsr
538 3152 658 3206 -llhodios
673 3161 702 3206 st
717 3170 806 3222 regem
852 3152 1002 3207 sandoniae.

269 3216 286 3287 S
304 3222 329 3275 ³.
365 3220 431 3273 Vide
448 3221 577 3274 Niebuhr.
598 3224 631 3275 de
647 3225 711 3275 hello
730 3224 934 3287 Chammudw,
946 3223 1051 3292 Optnso.
1065 3220 1089 3275 Ἰ.
1109 3234 1170 3293 pag.
1185 3218 1255 3277 tora
1271 3238 1302 3292 qi

201 3285 270 3349 dulc
286 3288 467 3357 intelligendos
484 3290 691 3352 emolliamus,
708 3291 803 3362 Chios,
821 3291 930 3344 Isesbios
947 3299 975 3343 st
992 3292 1153 3359 Byzantium.

239 3368 243 3373 '
261 3361 287 3423 :fi
297 3361 329 3413 ιδ.
359 3360 437 3412 'imru
445 3360 547 3428 Μ]
565 3360 612 3412 Sic
628 3377 716 3414 omnes
732 3360 807 3415 codd.
826 3362 922 3428 llong„
943 3364 976 3413 lo
992 3360 1125 3414 Gronom
1147 3359 1216 3430 quod
1233 3374 1307 3414 exem

202 3426 252 3497 plis
268 3438 340 3479 recte
358 3427 492 3481 firmarunt
504 3428 641 3481 Scholion-
655 3436 684 3482 ot
697 3431 830 3495 Μυσὴ,
846 3429 897 3482 uisi
914 3428 984 3497 quod
1001 3439 1112 3499 uterque
1128 3446 1184 3483 cum
1201 3425 1220 3484 4
1236 3429 1305 3483 Gro·

201 3503 229 3550 et
246 3495 305 3548 aliia
321 3497 504 3558 recentissimis
521 3499 630 3550 retinuit
642 3500 720 3552 iatam
755 3498 858 3567 Vulgo:
873 3500 943 3552 &rw
952 3500 1040 3566 jorn,
1058 3499 1133 3553 malo

218 3592 221 3597 ·
268 3567 343 3619 leton
356 3566 516 3633 opislhlsss
535 3568 630 3636 Bougm
644 3570 820 3637 laetu-opes.

226 3702 232 3716 Ι
269 3636 340 3698 §9.·
368 3633 434 3688 Ptol.
451 3636 635 3719 [Euergetcsss
660 3636 809 3689 umorve
825 3635 898 3689 uncis
920 3633 1020 3689 inclusa
1036 3635 1063 3688 iu
1080 3635 1140 3689 edd.
1158 3642 1222 3688 vett.
1236 3636 1284 3720 plu

201 3702 1225 3845 rii?ui4dnrt„¹¹·÷rrl·,rr‘n;lmz,Pandarum

201 3839 326 3908 equibus
342 3841 410 3895 nihil·
423 3842 449 3895 h.
466 3842 482 3895 Ι.
502 3850 630 3897 cantatur.
704 3878 708 3885 -
1285 3899 1288 3902 ,

270 3910 440 3979 Antiochum]
460 3910 528 3963 Edd.
546 3921 625 3966 vett:
639 3928 731 3984 regom
750 3913 833 3977 Arete
850 3913 943 3985 Pragc
956 3926 1050 3983 regens
1068 3910 1217 3979 'lyrim

215 4006 220 4015 ι
269 3994 360 4045 pocomi
371 3980 462 4047 jacit]
482 3981 576 4050 Prsg,
587 3983 784 4048 Gothoseoit.
797 4006 834 4023 -
849 3982 895 4037 01.
914 3983 980 4046 135,
998 3983 1022 4034 1.
1044 3979 1080 4032 U.
1098 3978 1130 4032 (l.
1149 3981 1201 4036 51³
1229 3981 1306 4036 Nico.

263 4049 286 4112 δ
306 4049 346 4101 10.
378 4049 452 4116 poa]
472 4050 536 4105 lllss.
552 4052 650 4120 Panga
670 4067 746 4120 poor·
766 4106 769 4111 .

270 4119 286 4180 5
306 4118 348 4171 11.
380 4118 499 4185 proelio]
517 4119 549 4173 ad
568 4122 711 4190 Ancyram
736 4137 760 4173 r.
781 4119 884 4191 prolog.
