2624 4606
91 235 166 319 νιν.
237 194 265 307 J
420 229 856 335 ausura-r

22 416 24 421 ·
133 385 307 449 Philocteten
319 387 423 455 temut3
444 384 539 460 ibique
553 383 644 446 adhue
662 390 869 445 monumentum
888 384 947 444 eins
960 384 1073 458 visitrn,
1099 393 1129 448 et
1140 387 1219 449 Her·

70 470 74 481 '
134 472 201 533 ena
212 473 332 550 sagittae
344 471 373 527 in
382 467 518 546 Apollinis
531 469 654 548 templo,
669 489 742 546 qnae
762 471 849 528 tatum
860 469 966 528 Troiae
976 471 1066 530 luere.

110 564 125 617 1
220 557 255 615 11.
275 554 463 633 Metapontini
483 573 596 632 qnoque
616 555 766 632 intemplo
786 553 929 613 Minervae
946 555 1131 630 ferramenta,
1154 557 1220 633 qui·

135 641 187 700 bus
200 640 312 719 Epeos,
333 658 419 717 aquo
431 639 537 697 conditi
550 644 632 713 sunt,
650 658 751 716 equum
769 638 923 698 Troianum
941 639 1100 715 fabricavit,
1122 648 1221 701 osten·

109 730 205 784 itant.
248 721 366 803 Propter
382 723 459 800 quod
475 725 563 781 omnis
579 723 625 781 illa
644 742 710 804 para
723 723 819 784 ltaliae
834 721 929 781 Maior
944 723 1062 784 Graecia
1074 726 1222 804 appellata

55 825 61 845 ¹
135 815 196 870 est.⁴

5 928 8 933 ·
42 931 45 941 ·
108 901 127 953 3
217 892 278 952 Sed
297 891 434 971 principio
454 891 589 968 originum
602 891 790 972 Metapontini
810 913 872 952 eum
883 893 1058 968 Sybaritanis
1072 898 1103 954 et
1116 893 1221 953 Croto-

109 978 275 1038 4niensibus
297 977 401 1054 pellere
422 983 528 1037 ceteros
549 977 673 1036 Graecos
685 976 778 1051 ,ltalia
798 983 963 1037 statuerunt
1007 979 1078 1036 Cum
1098 979 1221 1055 primum

133 1063 230 1123 urbem
249 1061 331 1120 Sirim
346 1061 502 1138 cepissent,
523 1062 552 1119 in
573 1062 778 1140 expugnatione
799 1064 858 1121 eius
881 1063 1083 1139 quinquaginta
1102 1064 1221 1124 iuvenes

92 1146 97 1211 ζ
134 1131 276 1225 amplexos
298 1145 442 1205 Minervae
459 1145 631 1207 simulacrum
652 1148 880 1223 sacerdotemque
900 1149 971 1207 deae
991 1147 1110 1206 velatum
1131 1167 1237 1207 orna·-

109 1234 236 1292 5mentis
248 1233 321 1295 inter
333 1232 395 1309 ipsa
408 1230 505 1291 altaria
518 1232 731 1291 trucidavenmt.
774 1232 821 1289 Ob
836 1232 904 1290 haec
918 1252 982 1290 eum
998 1239 1078 1310 peste
1096 1237 1126 1291 et
1141 1233 1220 1293 sedi·

85 1324 88 1329 ’
135 1317 257 1377 tionibus
275 1323 456 1388 vexarentur,
478 1317 584 1394 priores
600 1316 797 1375 Crotonienses
816 1315 982 1394 Delphicum
1001 1316 1220 1391 oraculumadi·

110 1407 223 1462 derunt.
266 1399 443 1478 Responsum
464 1401 506 1458 his
529 1407 587 1460 est:
601 1401 685 1479 finem
705 1400 772 1459 mali
784 1400 864 1479 fore,
887 1405 912 1459 si
930 1401 1059 1471 oiolqlom
1073 1400 1219 1462 Minervae

52 1484 56 1492 '
110 1492 229 1545 tnurnen
248 1490 273 1542 et
292 1485 491 1563 interfectorum
504 1503 593 1544 munes
608 1485 769 1564 placassent.
812 1485 912 1562 Itaque
931 1507 993 1544 cnm
1011 1491 1120 1544 ‘statuas
1139 1488 1219 1547 inve·

133 1572 216 1631 nibus
231 1570 320 1630 iustae
334 1570 532 1644 magnitudinis
547 1576 575 1629 et
591 1572 620 1629 iu
633 1571 729 1648 primis
741 1569 885 1630 Minervae
902 1572 1036 1629 fabricare
1049 1571 1219 1649 coepissent,

134 1655 341 1732 Metapontini,
363 1654 475 1729 cognito
495 1655 606 1713 oraculo
621 1657 737 1714 deorum
756 1655 943 1732 occupandam
965 1655 1087 1714 manium
1101 1662 1131 1714 et
1145 1657 1218 1716 deae

10 1759 13 1767 ·
62 1749 64 1751 ’
129 1758 233 1821 pacem
248 1740 316 1811 rati,
338 1739 481 1797 iuvenibus
501 1740 610 1797 modica
630 1745 660 1798 et
669 1739 784 1818 ‘lapidea
800 1740 943 1798 simulacra
962 1748 1071 1818 ponunt
1092 1747 1120 1799 et
1131 1741 1216 1799 deam

111 1823 273 1902 tipanificiis
286 1823 406 1900 placant.
450 1821 542 1898 Atque
554 1825 594 1882 ita
605 1824 693 1902 pestis
707 1825 853 1901 utrobique
867 1826 966 1882 sedata
979 1830 1038 1897 est,
1059 1843 1119 1883 cum
1133 1823 1214 1884 alteri

112 1907 358 1983 9magnificentia,
379 1907 458 1966 alteri
469 1907 614 1983 uelocitate
624 1914 785 1968 recreent.
827 1909 995 1988 Reciperata
1015 1909 1133 1967 sanitate
1155 1927 1215 1967 nou

96 1998 130 2052 10
138 1989 186 2050 diu
200 1990 396 2052 Crotonienses
412 1993 549 2070 quievere.
575 1993 674 2071 ltaque
687 1994 862 2071 indignantes
878 1995 907 2051 ia
920 1992 1130 2071 oppugnatione
1145 1994 1215 2052 Siris

97 2082 129 2135 11
138 2076 265 2136 auxilinm
279 2083 376 2136 contra
393 2097 425 2136 se
438 2095 456 2135 a
469 2076 655 2153 Locrensibus
668 2076 768 2151 latum,
790 2078 890 2137 bellum
905 2078 947 2136 his
961 2077 1119 2138 intulerunt.
1149 2078 1216 2146 Quo

137 2168 216 2222 metu
234 2163 324 2221 territi
341 2160 495 2223 Locrenses
513 2164 551 2223 ad
570 2163 725 2242 Spartanos
745 2164 910 2223 decurrunt:
931 2163 1062 2223 auxilium
1077 2162 1215 2242 supplices

95 2411 167 2471 ψοοι
183 2400 256 2471 πρὸς
270 2421 338 2464 sons
356 2399 536 2464 ἐνοικοῦντας
552 2400 623 2473 (τῶν
640 2399 805 2474 βαρβάρων)
831 2400 937 2472 ἐκείνην
954 2400 1007 2471 τὴν
1024 2399 1127 2473 χώραν.
1164 2403 1217 2458 Ubi

49 2514 55 2523 .
96 2475 131 2526 ef.
149 2475 252 2526 Beckm.
271 2491 297 2540 p.
314 2475 375 2527 239.
394 2502 426 2512 ·-
455 2474 623 2528 3Gronov.:
641 2476 724 2534 urbes.
1051 2540 1054 2544 Ι
1089 2532 1094 2541 1

73 2584 75 2589 .
165 2542 340 2608 Philocteteo]
362 2541 407 2593 Sic
424 2541 501 2593 etiam
519 2541 600 2609 Bong.
634 2541 829 2594 Liberantur
849 2541 1032 2597 Philocratem

164 2612 248 2678 ibique
261 2629 286 2662 ο.
299 2610 497 2676 mouumentum]
516 2608 535 2660 i.
554 2628 578 2663 e.
596 2604 626 2662 ἒν
643 2606 822 2676 Massiliota,
841 2610 874 2662 de
892 2611 985 2676 quibus
1006 2612 1100 2663 Taetz.
1116 2609 1151 2662 ad
1163 2608 1217 2679 Ly·

97 2677 187 2762 cophr.
207 2681 272 2732 927:
290 2674 371 2740 πόλις
386 2673 511 2743 Ἰταλίας,
530 2670 603 2731 ὅπου
621 2674 714 2746 edens
730 2677 778 2730 sori
796 2676 873 2746 ἱερὸν
891 2674 1061 2746 Φιλοκτήτου
1075 2673 1218 2747 dyraceno·

97 2762 183 2812 μενον
200 2743 278 2812 παρὰ
294 2746 352 2797 τῶν
369 2741 522 2815 ἐπιχωρίων
537 2745 585 2800 καὶ
601 2747 706 2810 molus
722 2747 801 2819 βοῶν
817 2744 982 2816 δεχομένου,
1001 2741 1095 2816 οἷσπερ
1110 2747 1138 2801 el
1147 2743 1220 2810 dada

146 2810 153 2828 Ι
276 2814 288 2827 ιν

11 2830 19 2837 ·
99 2813 213 2875 αἰωνιος
229 2810 361 2883 ὑπηρχεν.

167 2923 198 2976 c.
216 2923 249 2976 ll.
274 2928 290 2989 §
310 2929 334 2979 1.
370 2926 520 2994 Mineruae]
539 2923 683 2994 Etlevlotc,
700 2927 850 2998 rcaasdem
868 2928 989 2981 auscultt.
1006 2927 1097 2983 mirab.
1113 2945 1138 2982 o.
1156 2928 1219 2984 lto

166 2993 269 3062 Epeos]
291 2993 338 3046 Sic
355 3012 415 3049 mss.
432 2997 533 3065 Bong,
558 2997 700 3060 Gronovii,
725 2999 824 3059 (ἵκοιο,
848 2997 941 3059 (irae,
961 2998 1039 3066 Prag.
1074 2998 1218 3066 Bongarar

38 3130 40 3135 ,
98 3063 193 3131 Epeue.
224 3062 362 3116 'Deductos
382 3066 416 3116 ab
432 3065 480 3116 boo
496 3081 555 3117 esse
572 3065 764 3136 Metapontinos
781 3072 885 3134 praeter
902 3075 1015 3119 nostrum
1037 3083 1111 3122 nemo
1127 3065 1220 3119 rorare

99 3131 189 3193 Ceteri
210 3131 267 3184 iere
289 3133 376 3200 Pylios
388 3133 535 3188 conditores
557 3133 654 3188 dicunt.
704 3135 764 3191 Vid.
788 3135 885 3204 Heynii
906 3152 995 3202 opusc.
1021 3134 1115 3188 acadd.
1132 3134 1167 3190 V.
1184 3132 1222 3189 ll.

21 3330 26 3343 .
99 3217 127 3271 p·
142 3203 196 3334 2⁰56
204 3217 362 3325 §stilorum
382 3273 515 3337 gestorum
545 3275 645 3341 tompus
675 3271 872 3326 incertissimum
896 3277 953 3337 est3
979 3273 1057 3328 conf.-
1070 3271 1153 3340 Heyn
1168 3269 1222 3327 bl.

99 3355 126 3408 ν’
145 3339 352 3474 18gaiq'srnsn]
372 3407 435 3458 ora.
453 3408 551 3474 sanga
568 3409 671 3472 aram
687 3390 769 3462 'vna
787 3408 885 3462 nerra.
904 3408 951 3472 iv,
969 3410 1017 3462 aa:
1036 3409 1138 3477 symm.
1165 3406 1223 3462 aa

99 3475 133 3527 ab
149 3475 207 3528 aliis
224 3481 345 3527 narratur
361 3474 394 3527 de
411 3475 540 3533 Troianis¹
562 3478 731 3547 Achaeisque
746 3479 789 3530 vel
813 3477 934 3541 Ionibus,
958 3477 1054 3529 Siridis
1076 3475 1223 3530 conditori-

99 3543 162 3606 bus,
178 3561 226 3596 non
245 3543 277 3597 de
295 3543 511 3611 Metapontinis3.
522 3562 549 3597 v.
566 3547 740 3617 narrationum
764 3542 941 3599 diversitatem
959 3546 1030 3615 apud
1054 3545 1222 3600 Raoul-Ro‘

100 3612 181 3664 cbett.
198 3614 258 3666 bist.
277 3613 310 3665 de
325 3612 422 3665 l'dtobl.
447 3613 480 3664 V.
499 3613 533 3664 ll.
557 3631 581 3682 p.
599 3617 650 3670 325
667 3631 723 3683 sq,
750 3614 878 3682 Heyaium
896 3615 914 3666 1.
932 3616 950 3670 Ι.
967 3634 995 3684 p.
1013 3617 1072 3669 185.
1089 3616 1142 3670 235
1160 3631 1222 3684 sqq.

100 3679 176 3742 Quae
191 3688 335 3750 sequnntur
356 3681 582 3735 celebratissimum
605 3701 718 3752 pugnam
740 3685 774 3736 ad
798 3684 906 3750 Sagram
933 3684 1132 3751 praecedentia,
1159 3700 1225 3737 nna-

97 3756 243 3869 &matam
261 3750 359 3803 diserte
374 3751 529 3816 traduntur3
560 3753 593 3805 cl.
610 3758 696 3805 tamen
721 3753 826 3806 Snidam
844 3769 870 3806 v.
896 3746 1070 3820 ἀληθέστερα
1094 3753 1153 3805 τῶν
1176 3747 1225 3805 tat

98 3929 119 3937 .,
145 3835 189 3950 y}
199 3887 224 3938 7
257 3889 400 3957 persistetis]
419 3888 589 3958 Ostertagius
602 3887 683 3942 conis
698 3891 863 3959 porroificiis,
878 3891 963 3959 peplis
976 3889 1111 3945 dedicatis.
1130 3889 1223 3945 crans

95 3957 232 4089 masinili·
259 4012 409 4092 utrobique]
426 4024 526 4094 Bongr
544 4027 695 4094 utrubiques
712 4023 738 4079 io
757 4043 826 4096 seq:
844 4027 940 4094 Rcenp.
1017 4000 1020 4005 Ι

164 4096 181 4159 S
198 4093 242 4150 11.
276 4094 314 4147 od
330 4096 486 4164 Spartanos]
505 4096 537 4149 V.
555 4095 685 4165 Heyaium
702 4095 720 4151 l.
738 4097 756 4150 l.
779 4114 805 4167 p·
824 4097 873 4165 56,
900 4094 1100 4155 Goellorumad
1119 4093 1223 4150 Timaei
