2624 4606
252 224 254 229 ’
317 234 511 305 arsrou
540 235 628 299 usn
649 237 726 299 xm.
747 237 844 301 car.
864 240 894 308 r.
915 243 945 331 e.
1129 244 1194 311 roa
1218 218 1222 225 ’

10 403 12 407 ’
62 390 230 475 proelioque
254 391 343 453 victor
362 389 429 451 nibil
447 392 564 470 praemii
582 398 695 472 praeter
713 386 827 453 vulnera
849 399 886 461 et,
897 394 1018 473 pericula
1041 394 1150 457 retulit:

63 479 172 559 qnippe
188 479 285 539 hostes
304 477 341 537 ab
360 477 420 537 acie
440 477 471 535 in
493 478 589 539 urbem
601 478 707 556 recepti
721 479 817 537 occisis
835 479 998 557 coniugibus
1011 489 1040 541 et
1053 481 1173 541 liberist

35 568 42 587 ¹
62 565 164 624 domos
185 563 307 640 quiaque
323 579 389 620 suas
482 563 610 623 omuibus
622 563 709 641 copiis
725 563 915 627 incenderunt
957 565 1067 626 Eodem
1081 566 1197 639 coa-df

62 650 152 728 gestis
164 649 249 707 etiam
259 647 375 707 servitiis
389 652 420 706 et
433 652 523 707 semet
535 647 612 725 ipsos
625 647 824 726 praecipitant,
834 653 864 708 ut
877 646 945 709 nihil
960 649 1048 709 bostis
1060 652 1149 711 victor

63 750 175 794 suarum
187 751 281 793 rerum
294 736 408 810 praeter
426 732 545 792 incendii
566 731 723 809 spectamlo
744 733 888 795 frueretur.
930 733 1015 809 Inde,
1038 741 1068 794 ut
1084 735 1174 795 viri-4

61 820 116 879 bns
132 819 328 877 anmomtetem
340 817 448 894 regiam
463 817 642 893 adquireret,
665 817 702 875 ad
714 818 826 896 nuptias
838 819 1021 898 Cleopatrae,
1043 822 1147 879 sororis

60 903 214 964 Alexandri
227 901 328 978 Magni
341 907 373 961 et
386 901 499 961 alterins
513 899 664 961 Alexandri
679 903 821 978 quondam
833 905 946 976 uxoria,
961 923 1018 963 non
1030 907 1147 984 adsper-

59 996 156 1062 nante,
167 987 351 1065 Olympiade,
371 992 462 1047 matre
482 987 559 1061 eius,
579 987 712 1067 iptendit:
740 990 792 1047 sed
804 988 882 1066 prius
896 989 1074 1068 Antipatrum
1093 991 1170 1049 subd

60 1073 214 1133 adfinitatis
228 1073 345 1132 obtentu
355 1090 457 1151 capere
470 1071 607 1150 cupiebat.
647 1071 747 1149 Itaque
760 1072 843 1148 fingit
858 1092 889 1133 se
902 1074 932 1132 in
943 1075 1171 1137 matrimonium6

60 1158 146 1219 filiam
164 1159 224 1218 eius
235 1163 348 1236 petere,
368 1176 424 1233 quo
434 1156 540 1217 facilius
556 1157 593 1218 ab
609 1176 643 1218 eo
663 1157 884 1235 supplementum
895 1159 1016 1241 drauum
1030 1179 1066 1220 ex
1080 1159 1146 1218 Ma·
1210 1204 1213 1211 .

59 1244 179 1315 cadonio
193 1242 340 1302 obtineret.
370 1243 463 1310 Quem
477 1242 572 1303 dolum
585 1244 792 1321 praesentiente
804 1242 971 1322 Antipatro,
993 1246 1059 1303 dum
1072 1245 1170 1304 duaci

60 1330 161 1388 eodem
171 1334 303 1406 ,tempore
313 1345 413 1387 morea
425 1328 551 1404 quaerit,
571 1334 700 1387 neutram
714 1328 841 1387 obtinuit.
877 1328 949 1389 Post
962 1331 1032 1389 lraec
1045 1329 1170 1389 belluino

59 1415 134 1473 inter
146 1411 319 1488 Antigonum
337 1417 367 1471 et
380 1410 540 1471 Perdiceam
565 1412 662 1472 oritur.
703 1409 846 1489 Antigono
868 1413 999 1474 Crateros
1022 1421 1051 1474 et
1063 1413 1169 1473 Anti-9

58 1506 142 1578 pater
155 1488 284 1556 auxilium
302 1497 449 1568 ferebaut;
469 1496 518 1572 qui
530 1498 605 1557 sacta
622 1516 684 1556 cum
698 1494 913 1558 Atheniensibus
926 1519 995 1578 paee
1010 1498 1145 1579 Polyper·
1220 1533 1222 1539 ·

59 1583 164 1643 clronta
175 1583 310 1643 Graeciae
326 1588 356 1642 et
374 1580 558 1641 Macedoniae
572 1587 757 1660 praeponunt.
799 1582 932 1645 Perdicca
952 1585 1078 1645 alienatis
1098 1593 1187 1645 re-10
1205 1600 1210 1609 ¹

60 1670 112 1727 bus
133 1667 284 1728 Aridaeum
307 1673 338 1728 et
353 1664 503 1726 Alexandri
524 1666 624 1743 Magni
647 1667 735 1727 lilium
756 1666 787 1726 in
807 1668 1004 1748 Cappadocia,
1026 1689 1144 1747 quorum

59 1772 127 1812 eura
138 1753 175 1811 illi
188 1753 321 1811 mandata
335 1753 441 1827 fuerat,
463 1751 499 1811 de
513 1770 620 1811 summa
631 1751 696 1813 belli
707 1753 738 1813 iu
752 1752 893 1812 consilium
908 1755 1030 1816 adhibet.
1073 1754 1142 1824 Qui·
1152 1762 1184 1817 11
1200 1762 1205 1771 '

59 1839 177 1898 busdam
196 1838 324 1916 placebat
336 1837 437 1897 bellum
450 1837 479 1895 in
492 1836 687 1897 Macedoniam
700 1839 861 1912 mansferri,
881 1840 919 1898 ad
932 1825 1024 1917 ipsum
1038 1842 1142 1900 sontem

58 1930 90 1982 et
108 1929 191 2002 caput
210 1924 309 2000 regni,
330 1923 390 1991 ubi
401 1929 430 1982 et
452 1921 597 2002 Olympias
616 1929 707 1998 esset,
727 1930 816 1984 mater
831 1924 993 2001 Alexandri,
1014 1944 1072 1985 non
1084 1946 1143 1986 me·
1152 1932 1185 1984 12

59 2136 130 2188 tum,
152 2124 316 2179 interfectum
332 2142 362 2178 re
378 2123 468 2178 ulcisci
485 2123 603 2188 simulat,
626 2125 736 2180 maxima
758 2126 786 2179 vi
803 2125 935 2191 adoritur,
963 2126 1008 2180 sed
1030 2127 1185 2196 magnanimi

10 2216 13 2239 ι
58 2195 172 2247 homiues
189 2213 217 2248 se
233 2209 330 2264 suaque
347 2196 433 2248 omniu
456 2193 563 2245 interire
586 2194 729 2248 maluerunt
750 2213 825 2265 quam
849 2196 958 2252 hostium
983 2197 1098 2249 manibus
1121 2212 1183 2249 cou-

57 2263 175 2320 trectari.
209 2265 282 2332 hege
296 2263 405 2317 Diodor.
422 2263 527 2327 XVlll,
543 2265 580 2318 92
596 2269 625 2317 et
640 2265 769 2317 admirare
786 2264 878 2318 civium
897 2267 1103 2333 generositatem.

83 2358 87 2367 ·
128 2335 189 2399 §2
207 2334 328 2402 domos]
346 2334 444 2385 Goth.r
462 2333 562 2385 domm.
579 2360 613 2371 -
633 2335 729 2401 copiis]
748 2333 847 2403 opibus.

128 2403 188 2468 55.
223 2411 249 2457 et
265 2409 346 2456 comet
362 2402 448 2470 iproe]
482 2399 596 2455 Restitui
618 2402 763 2471 hocloco,
792 2400 861 2472 quod
878 2402 983 2470 liuguae
1005 2402 1050 2455 lex
1067 2400 1183 2467 iubebat,

58 2487 91 2524 ex
109 2471 171 2525 edit.
191 2471 345 2541 Bongarsii,
363 2470 408 2540 qui
424 2471 488 2523 nihil
506 2471 550 2524 bic
566 2470 656 2525 variae
667 2471 788 2525 lectionis
805 2470 891 2535 novit,
908 2473 946 2523 ita
964 2468 1042 2524 etiam
1061 2471 1137 2523 Grac.
1156 2481 1183 2525 et

57 2542 139 2609 Preg.
173 2541 210 2593 At
225 2539 389 2595 Gronoriaui
405 2541 493 2594 &cam
511 2557 567 2594 cum
584 2541 684 2594 Gotlur
701 2549 728 2596 et
743 2548 824 2594 remei
841 2542 900 2610 ipsi,
918 2540 987 2609 quod
1005 2540 1183 2594 emendatione
1199 2549 1208 2576 s

59 2608 91 2662 in
108 2618 149 2663 tot
165 2626 222 2662 msa.
239 2610 339 2663 illatum
356 2627 412 2662 erse
429 2626 503 2662 nemo
519 2610 597 2665 facile
614 2610 721 2673 credatr
745 2627 834 2663 rerum
851 2612 921 2678 ipsos
945 2610 1057 2679 postulat
1072 2621 1183 2678 praeee-

58 2680 123 2731 dens
140 2681 272 2748 congortir
288 2679 416 2743 canitie,
433 2678 481 2732 nisi
499 2679 661 2748 negligenter
678 2680 777 2733 locutus
794 2685 833 2733 est
850 2679 967 2733 lustinus
984 2679 1038 2733 Res
1054 2680 1097 2733 lrio
1114 2679 1184 2743 redit

57 2747 92 2800 ad
109 2747 197 2800 libros
232 2749 400 2812 aaronem,
418 2748 513 2816 l’rag.,
533 2749 614 2803 Gom
635 2754 703 2818 part.
721 2758 747 2803 et
764 2747 893 2817 ignorant
1098 2753 1099 2756 ’

128 2819 291 2885 spectaculo]
311 2814 432 2885 Plerique
450 2817 549 2882 bladii,
572 2821 681 2870 aturrus
699 2823 798 2870 tantum
817 2819 916 2886 Bong.:
934 2819 1109 2887 spectaculum
1114 2834 1126 2880 ,·
1150 2832 1184 2869 ex

57 2885 251 2950 emendatione,
268 2893 298 2939 ut
315 2884 442 2950 arbitror,
460 2894 567 2954 propter
585 2887 743 2953 praecedens
759 2887 827 2939 nibil
842 2887 922 2939 facta.

77 2974 83 2981 ·
127 2959 143 3019 ἓ
163 2957 187 3009 7.
221 2963 343 3007 neutram
360 2954 483 3020 obtinuit]
500 2955 552 3006 imo
571 2955 684 3008 obtinuit
702 2957 844 3025 Nicaeum,
862 2954 993 3022 Antipatri
1011 2953 1103 3016 liliam,
1122 2969 1183 3005 cou-

58 3023 206 3077 ciliautibus
221 3025 345 3078 iratribus
361 3023 457 3077 Archia
474 3029 502 3076 et
521 3023 599 3086 lolia,
616 3024 662 3078 sed
680 3023 757 3078 brevi
772 3032 831 3092 post
846 3024 958 3093 repudio
976 3023 1088 3088 remisitr
1105 3022 1183 3073 Cleo-

58 3102 151 3164 patrae
168 3102 252 3147 autem
269 3092 373 3162 nuptias
388 3091 537 3160 ingruentia
554 3092 623 3146 bella
640 3093 832 3163 praeciderunt.

126 3167 144 3227 ς
161 3166 187 3216 9.
224 3162 365 3227 Creterra]
383 3162 425 3215 lta
442 3178 500 3214 mss.
519 3161 619 3228 Bongc
634 3152 809 3245 ipse'Boug.r
828 3162 959 3223 Craterum
978 3164 1009 3213 ut
1021 3157 1092 3212 multi
1105 3157 1181 3213 codd.
1247 3183 1249 3188 ·

126 3250 184 3285 orrm
200 3231 408 3298 Atlseaienailrur]
421 3231 476 3284 imo
494 3246 551 3283 cum
568 3232 684 3294 Aetoliae
700 3248 728 3285 v.
744 3229 823 3285 Diod.
840 3228 939 3293 XVIII,
951 3230 986 3283 25
1003 3228 1181 3284 al—Goth.r

24 3306 26 3311 '
58 3300 300 3370 Polyperchontem.
1246 3315 1251 3335 ·

127 3373 203 3435 §ta
239 3370 362 3424 alienatio
378 3369 469 3437 rebare]
487 3368 592 3422 insolite
615 3368 713 3421 dictum
738 3366 812 3422 varie
834 3366 983 3435 explicante
1015 3364 1059 3417 alii
1084 3369 1182 3419 mutato

55 3454 144 3492 rerum
164 3445 247 3503 statu,
273 3446 362 3495 rerum
380 3440 493 3493 uberiori
510 3456 561 3491 nou
583 3446 625 3493 est
641 3439 735 3502 abum,
758 3436 802 3489 sel
827 3434 900 3505 quasi
928 3435 994 3489 alius
1018 3433 1181 3502 (proprium)

56 3507 131 3571 θοῆς
153 3508 192 3561 sic
208 3524 250 3576 ap.
269 3507 357 3563 Tacit.
374 3508 499 3574 Anu-Il,
516 3510 567 3563 28:
593 3509 668 3561 uultu
690 3526 742 3561 nou
759 3506 890 3559 alienatur
911 3504 978 3556 mala
1003 3503 1109 3571 capiunt
1130 3520 1183 3555 nou

15 3577 20 3585 '
56 3585 191 3637 mium,-
210 3576 311 3645 explica
328 3577 399 3634 valtu
418 3595 446 3631 se
463 3583 603 3631 commotae
620 3578 665 3644 (et
681 3577 823 3643 alienatae)
847 3574 939 3627 mentis
956 3588 1007 3626 nou
1025 3590 1079 3625 esse
1096 3576 1182 3625 osten-

56 3646 129 3698 dens.
162 3644 230 3711 Alii,
249 3646 353 3703 remotis
372 3645 429 3697 aliis
446 3647 484 3713 (l)
501 3647 614 3715 negotiis
631 3646 763 3710 omuibus,
781 3651 810 3697 ut
827 3642 1013 3695 Terentianum
1028 3642 1126 3694 relictio
1138 3658 1180 3693 re·
1254 3652 1256 3657 '

55 3716 121 3776 brier
136 3716 188 3770 imo
205 3732 248 3767 rer
264 3714 465 3771 uenalienabat
481 3718 577 3781 abac„
594 3716 641 3768 sed
659 3725 713 3767 tum
734 3730 790 3769 cum
806 3712 916 3765 maxime
932 3713 1045 3778 agebam
1071 3713 1139 3765 aliur
1157 3714 1181 3766 tr.
1256 3746 1260 3750 -

55 3784 75 3835 l·.
92 3783 209 3855 suppleri
227 3784 296 3837 nullo
314 3783 389 3837 modo
406 3800 480 3847 posse
497 3785 625 3839 docebunt
641 3785 758 3852 exempla
775 3781 911 3835 locutionis
936 3781 1036 3833 omissio
1049 3782 1124 3839 rebus
1139 3797 1181 3847 ap,

55 3851 622 3915 Drakenb-oa··1uv.‚xxxv11‚e7.‚.v0l
642 3854 678 3918 V,
698 3871 724 3922 p.
743 3855 789 3907 78.
817 3851 890 3903 Col.
908 3849 965 3934 coll.
985 3849 1035 3934 Nm
1059 3850 1182 3933 eliopolis

54 3918 1182 4058 aautlatim,{turribulum-r⁸atau⁵²dutaatta
1221 4024 1224 4033 .

55 4060 1055 4213 ltltmtbtbmtuuaa,ua,„m,a,am
1069 4092 1196 4207 aa,
1258 4124 1260 4129 .
