2624 4606
320 208 509 270 nrsros.
543 178 635 274 urass
655 209 758 272 xxm.
789 209 884 274 cnr.
909 217 936 275 1.
1121 215 1192 279 aaa

178 393 538 457 snouuuuruu
569 393 836 461 serranus
869 358 1080 459 rusrrnr

388 495 666 557 sncuunun
691 496 876 557 cantra.

103 637 130 696 1.
155 630 341 709 Peloponnesii
355 652 405 710 per
421 632 597 709 proditionem
616 630 752 708 Antigono
770 633 924 691 truduntur.
960 633 1132 695 Aristotimus
1145 634 1190 715 tp'-
1235 666 1237 671 v

103 720 106 725 ’
150 736 249 776 rannus
270 717 402 794 Epirotas
423 717 538 794 adfligit
559 721 585 774 et
605 712 746 791 Hellonr‘ci
759 716 905 795 prudentio
927 721 1091 795 opprimitur.

94 809 125 869 2.
145 802 297 878 Antigonus
319 800 409 861 Gallis
430 804 563 874 occurrit,
591 803 640 878 qui
658 803 687 858 in
702 800 824 878 furorem
845 805 916 861 uersi
933 806 1058 879 coniuges
1079 809 1104 862 et
1125 804 1189 864 libe-

147 907 191 944 ros
220 906 280 944 suos
308 887 461 945 trucidant:
490 885 584 944 deinde
610 886 726 943 numinis
756 886 877 946 uindicta
906 905 991 947 omnes
1016 892 1213 951 internecione·

146 971 274 1030 delentur.
317 972 449 1048 Antigoni
472 969 567 1027 bellum
587 987 647 1027 cum
667 970 877 1031 Atheniensibus.
1137 969 1146 979 ”

92 1061 122 1124 3,
144 1055 314 1130 Alexander,
338 1056 442 1135 Pp‘rrtri
453 1055 550 1132 fitius,
570 1059 600 1115 in
621 1072 730 1131 regnum
750 1060 909 1118 restituitur.
954 1055 1049 1134 Regni
1069 1056 1174 1139 Cyrene

145 1161 205 1201 rum
227 1142 393 1202 turbulentus
414 1145 511 1200 status.
1163 1185 1165 1189 .

522 1322 730 1339 -υ-ιπιι-

49 1485 53 1495 ·
145 1449 167 1509 1.
187 1423 270 1508 Post
283 1454 401 1508 mortem
413 1447 511 1524 Pyrrhi
523 1467 581 1510 non
593 1451 622 1512 in
634 1449 800 1515 Macedonia
813 1456 938 1525 tantum,
951 1450 1045 1510 verum
1060 1434 1167 1509 etiami
1188 1529 1190 1533 7
1226 1458 1228 1463 “

60 1537 90 1593 iu
105 1532 171 1594 Asia
186 1535 359 1609 Graeciaque
372 1535 464 1613 magni
481 1535 613 1596 bellorum
625 1547 716 1599 motus
737 1543 823 1600 tuere.
866 1537 940 1596 Nam
957 1542 988 1595 et
1004 1533 1170 1613 Pelopon-2

61 1621 131 1678 nesii
143 1639 194 1697 per
204 1618 390 1697 proditionem
406 1616 549 1695 Antigono
573 1624 684 1684 traditi:
705 1626 871 1686 et'rariante
885 1622 1025 1687 homiuum
1040 1623 1142 1697 partim
1151 1622 1168 1676 3

60 1704 174 1776 dolore,'
195 1704 296 1781 partim
310 1705 427 1778 gaudio,
449 1711 532 1781 prout
545 1706 673 1782 singulae
686 1711 810 1769 civitates
823 1714 872 1766 aur
882 1705 1009 1764 auxilium
1025 1706 1062 1762 de
1073 1704 1144 1781 Pyr·
1184 1716 1189 1723 ·

10 1820 13 1827 ·
60 1788 111 1847 rbo
125 1794 303 1866 speraverant
325 1795 373 1846 aut
392 1795 481 1847 metus
503 1792 703 1868 sustinuerant,
732 1797 771 1854 ita
790 1801 838 1852 aut
855 1810 918 1868 cum
933 1790 1076 1865 Antigono
1095 1806 1143 1845 so·

59 1874 186 1932 cietatem
200 1872 353 1947 iungebant
367 1879 415 1931 aut
430 1874 530 1932 mutuis
544 1876 616 1936 inter
628 1898 660 1937 se
674 1881 747 1939 odiis
761 1880 791 1937 in
802 1877 903 1937 bellum
917 1875 1044 1934 ruebant.
1065 1873 1168 1935 interl

59 1957 133 2016 huns
155 1959 326 2016 turbatamm
354 1959 554 2035 provinciaram
578 1969 685 2021 motum
705 1963 858 2042 Epioruru*
879 1979 990 2036 quoqne
1010 1959 1076 2016 urbs
1105 1958 1142 2015 ab

58 2041 221 2100 Aristotimo
233 2042 358 2121 principe
378 2063 429 2120 per
443 2046 616 2117 tyrannidem
637 2055 800 2126 occupatur:
825 2065 912 2123 aquo
932 2063 992 2102 cum
1013 2042 1091 2100 multi
1105 2047 1176 2100 ex5-

59 2127 223 2205 primoribus
237 2127 334 2200 occisi,
352 2126 444 2204 plnres
466 2129 494 2183 iu
513 2129 636 2188 exsilium
650 2133 826 2205 satiassent,
848 2129 953 2190 Aetolis
971 2146 1022 2206 per
1033 2126 1141 2202 legatos

58 2211 279 2290 postulantibus,
302 2215 425 2287 coniuges
442 2210 586 2290 liberosque
607 2214 727 2274 msulum
749 2216 880 2287 redderet,
902 2215 990 2291 primo
1013 2211 1140 2286 negarim

59 2301 177 2374 postea,
203 2297 283 2373 quasi
303 2298 477 2376 poeniteret,
506 2296 699 2375 proficiscendi
718 2302 754 2359 ad
775 2320 840 2359 suos
861 2298 987 2357 omnibns
1006 2295 1166 2352 matronis6

58 2386 228 2460 potestatem
242 2383 337 2455 nediu
358 2383 488 2458 <demque
500 2384 681 2461 protectionis
696 2379 803 2447 statuit.
839 2384 923 2457 litae,
944 2380 1064 2459 qussiin
1077 2382 1164 2458 per-7
1265 2368 1296 2453 s

136 2507 151 2540 *
172 2507 318 2587 Epirorum

129 2709 205 2771 c.1.,
223 2710 281 2776 εἰ
314 2725 364 2780 per
378 2710 572 2783 proditionem]
590 2713 760 2768 Acenratiora
776 2711 820 2768 hic
835 2710 968 2769 nudans.
987 2737 1022 2749 -
1046 2709 1062 2764 1
1080 2706 1185 2776 nsaw

55 2797 105 2850 per
121 2780 309 2842 traditionem
327 2785 355 2831 et
372 2781 472 2848 plures:
491 2791 551 2836 sunt
569 2785 682 2848 traditi,
698 2790 728 2838 ut
746 2783 821 2837 Cras.

126 2849 187 2914 §3-
222 2849 329 2916 dolore]
347 2848 411 2900 Mas.
430 2850 528 2917 Berge
548 2856 625 2903 motu.
1138 2886 1144 2895 ,

128 2920 145 2980 §
162 2917 188 2970 4.
222 2918 367 2985 spernam]
392 2917 410 2969 i.
429 2937 451 2970 e.
469 2918 607 2983 Eleorum,
651 2936 740 2973 norum
757 2919 849 2989 opinor
865 2914 980 2986 origines
996 2916 1022 2968 b.
1038 2913 1057 2966 1.
1075 2913 1182 2979 Trogus

57 2985 148 3058 paucis
165 2985 323 3053 repetierat3
351 2985 413 3040 inde
436 2987 551 3050 iactum,
581 2994 610 3039 ut
631 2936 744 3042 insanus
769 2990 860 3042 barum
876 3004 962 3040 rerum
979 3002 1028 3037 non
1045 2979 1182 3062 insigniter

57 3071 157 3124 gnarus
182 3055 310 3108 vetustius
334 3073 425 3108 nomen
450 3072 498 3126 pro
523 3055 667 3110 recentiore
692 3063 851 3126 excerperet,
887 3053 1030 3105 Pausanias
1054 3051 1087 3102 de
1107 3045 1182 3101 alita

56 3126 96 3191 (c.
114 3123 136 3188 1,
155 3126 172 3189 ς
188 3125 215 3178 3.
234 3124 293 3191 6.)=
309 3119 440 3177 'Emerui
456 3122 571 3191 medeor
587 3118 653 3177 τότε
669 3113 711 3177 oin
727 3114 809 3195 ἦρχεν
824 3117 855 3194 (ὁ
873 3118 996 3242 Ἐπειὸςὲ
1011 3111 1180 3200 oo'uopdodpp·

57 3207 124 3246 σαν
141 3222 178 3231 -
193 3189 246 3260 τὴν
264 3188 294 3246 δὲ
311 3188 427 3247 Ἐπειῶν
445 3187 564 3258 tepesci
604 3188 633 3245 'u
664 3186 823 3254 Ἠλεῖος-
846 3188 894 3244 nod
917 3186 949 3243 cd
995 3202 1067 3252 nopu
1085 3183 1112 3238 oi
1131 3200 1180 3235 uu·

56 3262 173 3328 θρωποι
187 3257 220 3316 nd
238 3261 292 3314 νῦν
309 3257 374 3316 oinct
390 3257 507 3314 Ἐπειῶν
526 3255 567 3312 oin
602 3260 654 3314 cori
679 3257 787 3317 Ἠλείου
810 3253 1057 3329 μεταβεβλήκεσαν.
1092 3252 1182 3317 Deba,-

57 3346 112 3383 mus
129 3335 214 3383 autem
232 3330 433 3387 emundationem
451 3332 518 3383 bano
534 3328 680 3401 inullimam
697 3328 799 3395 Fabro,
809 3382 812 3387 ,
823 3347 899 3400 quam
915 3323 1090 3396 recipiendam
1107 3319 1181 3387 duxi,
1213 3370 1216 3375 ,

56 3399 126 3469 qnod
150 3399 308 3453 marsicum
330 3417 422 3453 nomeu
446 3401 567 3453 Eleorum
589 3398 631 3452 rel
654 3400 772 3453 Eliorum
796 3398 890 3452 mutari
912 3394 955 3449 vel
979 3390 1108 3461 corrumpi
1132 3407 1180 3460 po·

55 3466 138 3521 tuisse
160 3484 211 3522 noo
237 3474 278 3522 est
302 3469 436 3522 credibile.
483 3469 611 3538 Bongars.
634 3475 662 3521 et
686 3469 761 3523 codd.
786 3466 906 3539 plurimi}
929 3464 1087 3534 Epirommt
1113 3474 1182 3513 ⁰⁰¹¹*

56 3536 155 3604 Berge
187 3539 369 3606 Epirotorams
393 3539 472 3606 Prag.
492 3546 520 3590 et
542 3536 601 3590 edd.
619 3537 719 3609 aliquot
740 3543 821 3591 vsu:
848 3536 1026 3604 Epirotarum
1062 3527 1181 3583 Historia

55 3604 162 3658 iubente
179 3602 339 3675 bongarsius
356 3606 482 3676 probante
500 3606 577 3675 etiam
593 3606 616 3659 Ι.
624 3606 669 3660 Fr.
679 3607 814 3661 Gronorio
832 3608 996 3659 correxerat:
1014 3601 1178 3653 Eliorum.

55 3674 195 3728 Praeterea
221 3675 335 3729 lustinus
359 3677 485 3744 tipirotus
511 3674 609 3746 ubique
623 3674 690 3730 *illos
714 3676 829 3729 homines
851 3672 980 3795 appellat,
1007 3669 1101 3737 Epiros
1117 3681 1179 3719 uus·
1238 3670 1242 3681 “

55 3759 141 3811 qnam.
174 3742 239 3797 Rern
264 3744 350 3798 multis
375 3749 464 3797 narrat
487 3745 645 3799 Plutarchus
667 3746 700 3799 da
718 3745 822 3801 uirtuti.
840 3761 901 3796 mu.
919 3759 946 3810 p.
963 3740 1015 3796 250
1032 3754 1090 3808 sqq·
1107 3734 1179 3795 culti·

53 3810 184 3867 immemor
200 3821 258 3866 erat
276 3815 435 3881 Glareanus,
459 3811 518 3866 dum
536 3821 706 3885 proponeretr
724 3813 936 3883 Epidauriorum.

123 3883 278 3951 occupatus]
303 3881 445 3935 auxiliante
462 3881 522 3934 Anti
542 3900 600 3938 ouo.
775 3884 777 3888 ’

122 3951 184 4016 §5.
218 3950 389 4019 primoribus]
410 3949 491 4003 Addit
502 3900 580 4004 nida
637 3950 729 4016 'forte
746 3949 784 4002 ud
798 3965 856 4002 eum
873 3948 1055 4017 confugerant.

52 4088 72 4140 d
116 4020 245 4142 2tietollisl]3
263 4019 397 4144 Videnhoc
415 4020 585 4090 expiscantsm
599 3968 778 4074 &cinianum
794 4019 878 4072 Lucas
902 4017 964 4071 tiber
981 4014 1070 4084 Polyb.
1088 4012 1176 4067 nun.

72 4103 99 4141 ea
141 4096 201 4142 eto.
246 4106 298 4162 .p.
368 4105 407 4160 sq.
630 4108 633 4113 ·
