2624 4606
132 234 319 326 sse,
495 230 897 294 rusrrnr

165 395 195 455 2
216 387 377 449 Iudaeomtm
398 392 490 465 orr'go,
511 391 672 445 immemorata
691 392 718 445 et
739 405 779 447 rer
800 391 899 463 gestae.

165 479 195 541 3.
215 474 374 535 Iudaeorum
395 493 461 551 oper.
504 469 588 531 More
608 470 755 531 Mortuum.
799 472 824 529 A
846 471 939 549 quibus
960 470 1055 531 domiti
1074 474 1130 529 nist
1154 469 1258 531 ludaei

126 600 128 604 -
162 559 195 627 4.
216 560 323 633 Attali,
344 558 425 618 Asiae
444 561 532 633 regis,
554 556 666 630 scalmo,
688 576 774 630 more,
797 561 988 614 testamentum.
1030 555 1100 615 Ario
1121 555 1259 616 Romano-

217 665 277 706 rum
290 646 329 723 fit
344 646 472 723 proprio3
507 642 620 700 divitior
641 647 730 700 uatem
748 648 774 700 et
793 644 863 700 uitio
883 660 933 700 rao
954 640 1069 701 Romam
1090 645 1260 713 transmittit

127 956 133 969 ·
155 943 168 993 1
248 934 279 992 ·l.
301 896 482 1012 Reciperaro
502 938 618 1012 paterno
638 952 728 1010 reguo
748 931 927 1005 Demetrius,
955 937 984 991 et
1002 933 1065 1009 ipse
1083 950 1179 991 rerum
1200 951 1261 991 sno·

178 1038 258 1079 cessu
272 1024 433 1099 corruptus,
454 1019 527 1076 vitiis
540 1017 741 1078 adolescentiae
754 1019 782 1075 in
798 1017 945 1092 segnitiam
957 1015 1073 1088 labitur,
1094 1023 1261 1093 tantumque

179 1108 348 1163 contemtum
363 1103 440 1181 apud
462 1121 556 1162 omnes
573 1103 704 1177 inertiae,
725 1108 857 1179 quantum
872 1102 966 1159 odium
981 1121 1016 1160 ex
1037 1101 1169 1178 superbia
1179 1108 1261 1179 pater

82 1210 93 1225 ¹
155 1189 331 1262 thabuerat,
353 1188 495 1249 contraxit.
517 1188 637 1264 Araque
655 1207 716 1246 enm
736 1189 772 1246 ab
793 1187 908 1264 imperio
930 1187 988 1244 eins
1008 1187 1112 1264 passim
1135 1187 1260 1245 civitates

181 1274 346 1347 deficerent,
368 1273 406 1330 ad
420 1271 585 1331 abolendam
606 1273 741 1349 segnitiae
762 1270 897 1329 maculam
915 1271 1015 1330 bellum
1029 1270 1142 1329 Parthis
1159 1271 1261 1330 inferre

138 1336 294 1417 asseruit:
316 1357 391 1417 cuius
404 1358 553 1416 adventum
572 1375 629 1414 non
650 1358 727 1415 inriti
741 1357 864 1415 Orientis
884 1355 980 1433 populi
993 1356 1088 1432 videre
1102 1359 1131 1413 et
1165 1361 1261 1433 ropter

96 1476 101 1485 ·
154 1518 159 1525 Ι
181 1442 346 1521 Arsacidae,
368 1442 441 1519 regis
460 1441 642 1516 Parthorum,
661 1440 851 1503 crudelitatem
872 1446 901 1499 et
919 1441 996 1516 quod
1018 1439 1105 1498 veteri
1124 1375 1259 1499 llacedo-

157 1526 248 1586 Anum
262 1527 378 1605 imperio
391 1527 498 1585 adsueti
511 1527 575 1583 novi
587 1525 682 1604 populi
696 1524 852 1604 superbiam
867 1525 982 1601 indigne
995 1524 1131 1584 ferebant.
1163 1522 1260 1601 Itaque

106 1618 110 1627 '
182 1633 244 1672 eum
259 1617 287 1670 et
298 1611 443 1670 Persarum
458 1616 488 1669 et
498 1611 691 1686 Elymaeorum
705 1611 970 1685 Bactrianorumque
988 1609 1093 1667 auxiliis
1112 1609 1260 1683 iuvaretur,

159 1696 276 1758 smaltis
290 1695 401 1774 proeliis
414 1695 530 1753 Parthos
543 1696 622 1753 fudit.
657 1694 703 1754 Ad
712 1701 880 1774 postremum
892 1700 984 1752 tamen
997 1695 1072 1774 pacis
1086 1693 1260 1753 simulatione

184 1782 317 1858 deceptus
337 1780 458 1858 eapitur3
478 1779 677 1856 traductusque
694 1798 746 1856 per
763 1797 812 1837 ora
830 1779 978 1837 civitatium
1000 1777 1129 1857 populis,
1147 1779 1199 1855 qui
1211 1780 1259 1838 de·

160 1866 338 1937 oraverant,
360 1865 390 1921 in
403 1863 550 1922 ludibrium
569 1864 671 1922 fovens
686 1864 847 1922 ostenditur.
891 1862 992 1921 Missus
1014 1863 1117 1921 deiude
1136 1864 1165 1920 in
1187 1865 1269 1940 Hyr·

159 1950 292 2009 'leoniana
317 1949 438 2027 benigue
454 1954 482 2006 et
499 1949 576 2007 iuxta
597 1948 696 2006 cultnrn
716 1948 848 2025 pristinae
867 1950 994 2023 fortume
1016 1948 1143 2006 habetur.
1169 1941 1260 2013 fDam

185 2036 254 2094 haec
272 2040 407 2110 agimtur,
427 2033 537 2092 interim
559 2033 587 2090 in
607 2032 689 2110 Syria
708 2032 840 2111 'l'rypho,
862 2032 910 2111 qui
930 2051 961 2092 se
978 2037 1097 2090 tutorem
1115 2031 1260 2105 Antioeho,

92 2150 95 2155 ·
184 2118 321 2180 Demetrii
344 2119 487 2196 privigno,
511 2116 639 2176 substitui
658 2136 676 2175 a
693 2117 797 2196 populo
819 2117 1015 2191 laboraverat,
1046 2117 1137 2175 occiso
1156 2116 1261 2196 pupillo

161 2209 302 2281 8regnum
315 2202 412 2278 Syriae
424 2203 538 2260 invadit
581 2202 647 2271 Quo
662 2202 710 2260 din
726 2203 833 2281 potitus
846 2201 961 2261 tandem
975 2200 1149 2263 exolescente
1166 2204 1261 2262 farore

143 2329 349 2344 -u--at——v

212 2387 242 2472 β.
260 2387 281 2440 Ι.
305 2390 331 2471 §¹
341 2387 364 2440 1
398 2387 560 2470 Demetrius]
583 2387 705 2442 Nicator.
846 2454 853 2471 ⁸
1008 2453 1015 2469 ι
1156 2454 1164 2470 .

143 2527 182 2579 a.
198 2457 758 2594 ablat“tptttltszllrlbts
774 2454 1263 2588 {Alleluiatrallunt

59 2622 66 2633 x
143 2595 239 2649 sionem
258 2592 419 2645 exercituum
436 2594 666 2658 mercenariorum
684 2594 786 2663 Ioseph.
805 2593 886 2663 antiq.
903 2590 985 2656 XIII,
1002 2590 1028 2644 4.

106 2719 110 2725 ,
162 2680 167 2689 ’
213 2662 360 2728 contruxit]
382 2661 464 2713 Abest
481 2677 496 2711 a
514 2663 597 2716 Gotb.
1061 2704 1064 2709 .

212 2733 228 2795 S
246 2732 273 2784 2.
305 2730 403 2798 passim
420 2729 559 2796 ciuitates]
577 2728 684 2799 primurn
701 2729 852 2793 Antiochia,
876 2727 969 2782 deinde
986 2727 1080 2782 multoe
1098 2729 1180 2782 urbes
1197 2728 1263 2783 Coe·

143 2800 264 2868 lesyriae.
281 2825 314 2836 -
334 2798 430 2850 corna
449 2799 608 2863 defecerant.
1226 2809 1230 2813 '

213 2869 272 2931 §a
306 2867 466 2933 Arsacidae]
491 2867 629 2919 Arsacidas
646 2883 693 2932 au,
718 2870 750 2919 nt
766 2867 859 2935 vulgo,
885 2868 996 2920 Arsaces
1012 2865 1084 2918 dicas
1101 2883 1181 2934 reges
1198 2867 1264 2921 Par-

143 2937 245 2989 thorum
263 2933 371 3003 perinde
389 2941 442 2988 eat:
460 2951 517 2988 narn
534 2951 622 2988 omnes
638 2953 653 2987 e
670 2943 749 3002 gente
766 2936 879 2990 Arsacis.
903 2935 1074 2987 confirmatur
1091 2935 1170 2988 lectio
1189 2936 1264 2990 etiam

143 3003 232 3059 Servii
249 3002 313 3057 locis
331 3019 374 3070 ap.
391 3003 506 3072 interpp.
522 3007 555 3057 ad
573 3004 650 3068 XLI,
672 3005 704 3067 5,
724 3005 739 3070 §
757 3007 783 3060 6.
817 3005 891 3058 Adde
907 3005 1004 3073 Agath.
1022 3005 1082 3056 aista
1100 3003 1140 3065 11,
1158 3007 1209 3060 252
1226 2999 1265 3066 oie

142 3072 191 3126 aul
207 3067 416 3139 liodoaldus
432 3071 501 3134 corle
517 3068 574 3138 μετ’
592 3068 683 3126 αὐτὸν
701 3068 858 3142 (Ἀρσάκην)
875 3069 1073 3138 ὀνομάζεσθαι.
1093 3072 1171 3134 Quae
1182 3074 1265 3142 Bong.

142 3143 186 3195 hic
204 3141 349 3211 congessit,
371 3140 474 3211 singula
498 3142 666 3197 examinanda
688 3150 756 3196 sunt.
791 3141 947 3213 intelligitur
965 3146 1077 3195 Arsaces
1092 3149 1197 3209 restae,
1222 3142 1266 3212 qui

109 3272 116 3281 ἱ
144 3209 356 3276 οτΜίιΙιῐίὰείεε
374 3211 479 3278 primus.
1217 3235 1220 3239 ¹

212 3277 271 3344 §lt
307 3281 505 3347 Elymaeorum]
530 3280 628 3349 Bong.r
648 3279 726 3333 Elim.
761 3281 826 3333 Eius
843 3295 901 3332 mss
919 3277 1033 3345 aliquot,
1058 3278 1155 3346 Gora,
1175 3278 1265 3334 Cras-r

71 3349 74 3353 ’
144 3349 305 3403 Elimiorum.

211 3419 229 3480 §
247 3419 272 3471 6.
307 3418 335 3468 io
350 3417 530 3485 Hyrcaniam]
554 3416 596 3472 Oi.
614 3410 770 3478 XXXVIII,
789 3418 823 3482 9,
841 3418 857 3480 §
875 3415 892 3469 3
910 3421 936 3467 et
953 3416 1074 3483 saepius:
1098 3413 1167 3469 unde
1184 3416 1268 3487 expli·

32 3508 35 3513 ·
144 3485 252 3539 candum
269 3485 390 3538 Eusebiir
408 3484 448 3545 εἰς
465 3481 517 3551 τὴν
528 3481 695 3552 ,Παρθικήπ

212 3552 336 3621 babetur]
355 3570 402 3623 per
421 3558 454 3608 10
472 3570 565 3616 annos,
586 3553 737 3610 141-180
754 3571 779 3605 a.
798 3551 828 3607 G.
864 3550 908 3607 Cf.
926 3550 1059 3614 XXXIX,
1081 3552 1104 3603 1.

213 3627 230 3688 §
247 3624 273 3676 7.
310 3622 431 3692 Trypho]
448 3623 519 3690 prius
539 3625 668 3676 Diodotus
684 3624 778 3675 dictus.

177 3723 180 3727 -
213 3693 338 3745 Demetrii
359 3692 501 3761 privigno]
535 3690 587 3744 Pro
612 3692 652 3743 his
671 3694 684 3746 1
704 3691 803 3756 Bong.r
827 3691 971 3742 Alexandri
994 3688 1115 3756 (Baiae)
1132 3689 1216 3756 filio,
1241 3695 1269 3742 ut

144 3757 201 3813 Liv.
226 3762 289 3828 epit.
306 3761 368 3825 LV3
391 3761 475 3827 Reg.‚
502 3759 559 3814 coll.
576 3759 611 3812 N.
637 3759 712 3817 etc.
732 3761 780 3810 C.:
805 3761 882 3823 Ant,
908 3761 981 3813 Alea.
1000 3759 1077 3825 filio,
1102 3760 1178 3810 Dem.
1198 3759 1269 3827 prio.

145 3827 301 3896 Cleopatra,
327 3829 468 3882 Ptolemaei
495 3827 674 3880 Philometoris
697 3827 768 3891 filia,
806 3828 876 3895 prius
900 3827 1044 3879 Alexandro
1071 3826 1151 3878 Baiae
1176 3845 1212 3880 nu
1232 3833 1268 3891 ta,

38 3934 42 3939 .
86 3902 93 3911 “
146 3903 205 3978 post
223 3897 254 3948 ab
271 3897 329 3966 ipso
349 3904 424 3966 patre
440 3897 473 3949 ad
490 3897 645 3949 Demetrium
663 3896 818 3950 Nicanorem
836 3896 928 3959 misea3
946 3912 1027 3964 quare
1042 3894 1183 3948 Alexandri
1232 3897 1269 3949 'us

145 3965 282 4084 prrvGignus
299 3965 434 4088 Demgtgi.
449 3965 494 4018 Sic
512 3981 598 4018 omnes
615 3972 721 4035 praeter
739 3965 883 4036 Appianum
902 3969 1029 4018 errantem
1047 3963 1089 4015 vel
1103 3971 1269 4036 corruptum

145 4048 171 4083 v.
217 4049 305 4085 ronov.
323 4051 349 4099 p.
419 4071 426 4086 .

215 4103 230 4165 §
249 4103 288 4175 ⁸2
310 4103 371 4168 diu]
388 4118 436 4171 per
453 4107 562 4171 quotuor
578 4103 661 4155 ferme
680 4119 770 4156 annos.
