2624 4606
91 255 155 317 aaz
457 245 1037 325 rusT,rrs1-··

73 469 79 473 ,
134 401 406 480 adfirmanteregulo
421 402 558 477 quodam:
579 399 902 479 ptandmueMassilicn
922 402 1007 461 edita
1020 401 1158 478 finitimis
1173 414 1219 480 pa·-

131 487 206 565 pulis
220 487 364 563 suturam,
389 485 632 563 opprinmdcmpue
650 490 756 564 inipso
774 493 850 558 ortu,
870 504 904 542 ne
922 502 983 541 nos
1001 485 1125 544 volaticas
1138 490 1218 564 ipsun

110 573 260 629 larana.
302 573 448 630 subnectit
460 579 489 628 et
503 570 576 628 illam
589 570 725 629 fabulam:
748 570 845 627 Canen
861 568 1008 646 aliquando
1025 576 1116 647 pastu
1127 573 1218 646 graui·

137 655 300 712 duniacum
320 676 339 712 a
356 661 465 732 pastore
486 657 609 731 precario
634 659 748 732 petisse,
773 659 803 711 in
827 672 878 730 pto
895 659 1029 730 poneret:-
1047 675 1102 733 pun
1121 657 1218 714 altalo

135 744 233 798 iterata
241 743 354 817 petisse,
373 746 405 797 ut
416 740 470 796 sibi
481 739 592 796 educam
604 739 690 797 eodeni
703 743 732 796 tn
745 740 801 795 loco
816 738 918 795 catulos
929 738 1037 796 liceret:
1060 739 1100 798 ad
1119 746 1216 817 postre-

136 843 207 884 num
228 824 330 882 adultis
345 823 443 881 catulis
456 824 563 900 fultam
581 824 720 893 domemus
737 823 873 901 psoendio
886 827 1077 900 proprietates
1098 824 1155 882 loci
1172 825 1218 884 sili

111 908 294 967 sponsasse.
346 906 409 966 Non
426 908 507 966 aliter
528 904 731 980 Massilienses,
766 911 814 983 qui
830 925 900 965 nunc
919 908 1050 984 inpalini
1066 902 1215 983 aidcanlun

112 993 293 1071 fipsandopue
304 991 420 1049 demutas
433 997 570 1068 regionum
583 993 705 1069 futuros.
735 993 788 1049 His
805 993 935 1049 incitatus
946 1012 996 1049 rex
1008 994 1132 1052 insidias
1145 992 1217 1052 Mas·

41 1134 45 1139 .
138 1078 291 1136 siliensibus
304 1078 425 1134 iustruit.
467 1079 565 1152 ltaque
579 1077 693 1135 solemni
708 1076 892 1134 Floraliorum
906 1077 952 1135 die
968 1077 1072 1135 multos
1086 1080 1176 1136 fortes
1188 1096 1216 1138 ac

138 1169 266 1219 strenuos
279 1161 353 1218 viros
369 1161 481 1238 hospitii
502 1162 560 1219 iure
578 1162 605 1218 in
622 1162 717 1219 urbem
740 1162 832 1232 misit3
852 1160 945 1237 plures
966 1161 1083 1239 seirpeis
1101 1163 1214 1221 latentes

113 1252 130 1304 7
138 1247 338 1320 fraudibusque
352 1252 521 1322 supertectus
538 1246 628 1303 induci
639 1245 767 1304 vehiculis
781 1245 874 1316 iubet3
896 1247 998 1322 etipse
1013 1265 1078 1304 cum
1098 1248 1214 1306 exercitu

137 1332 166 1387 in
181 1331 311 1406 proximis
328 1331 466 1386 montibus
480 1329 628 1387 delitescit:
642 1334 697 1402 ut,
718 1349 779 1387 curn
795 1338 875 1387 nocte
891 1347 909 1386 a
930 1330 1080 1406 praedietis
1107 1335 1214 1410 apertae

137 1420 234 1491 portae
256 1414 365 1484 forent,
387 1416 550 1491 tempestive
569 1415 605 1470 ad
627 1415 742 1477 insidias
763 1414 876 1471 adesset
892 1414 1043 1489 urbemque
1062 1434 1164 1474 somno
1185 1433 1214 1473 ac

113 1498 200 1555 8vino
215 1497 350 1574 sepultam
364 1498 638 1555 armatisiuvaderet.
681 1499 741 1556 Sed
757 1498 806 1554 bas
828 1498 941 1555 insidias
961 1498 1058 1556 mulier
1079 1500 1214 1574 quaedam

44 1627 55 1641 .
137 1582 211 1655 regis
232 1588 352 1656 cognata
375 1584 521 1658 prodidit,
549 1602 621 1658 quae
640 1582 797 1640 adulterare
823 1601 884 1641 cum
908 1583 1017 1640 Graeco
1038 1584 1213 1643 adolescente

137 1666 218 1722 solita
235 1666 264 1722 in
291 1662 418 1742 amplexu
438 1668 566 1739 iuvenis,
595 1667 723 1725 miserata
742 1668 846 1724 formae
869 1666 950 1737 eius,
971 1668 1087 1725 iusidias
1109 1667 1213 1745 aperuit

113 1755 130 1806 9
137 1749 339 1826 periculumque
350 1749 481 1807 declinare
497 1752 582 1808 iubet
624 1751 673 1809 llle
685 1769 743 1808 rem
757 1751 850 1808 statim
866 1752 902 1808 ad
919 1752 1100 1826 magistratus
1114 1753 1220 1825 deferte,

138 1840 223 1909 atque
234 1835 273 1890 ita
285 1835 429 1909 patefactis
442 1835 546 1892 insidiis
560 1836 649 1892 cuncti
667 1834 786 1910 Ligures
802 1834 1071 1912 comprehenduntur
1083 1835 1212 1894 latentes·

98 1925 194 1994 loque
212 1917 248 1976 de
268 1917 380 1995 scirpeis
391 1919 595 1996 protrahuntur.
637 1920 745 1988 Quibus
762 1919 889 1977 omuibus
902 1920 1057 1978 interfectis
1071 1919 1212 1979 insidianti

96 2119 166 2173 Ptol.
183 2119 225 2183 ΙΙ,
243 2120 278 2173 10
295 2117 327 2170 al.
346 2123 373 2169 et
389 2117 510 2187 oppidum
530 2119 748 2171 comacinam
765 2118 791 2169 iu
809 2118 876 2172 Pliu.
895 2118 934 2170 ΠΙ
951 2134 1033 2186 prope
1050 2118 1096 2171 liu.
1114 2119 1142 2172 in
1159 2116 1214 2170 ani·

2 2229 4 2235 .
95 2205 161 2241 usum
178 2190 354 2239 revocamus.“
377 2187 507 2242 Ternauc.
534 2205 559 2256 p.
576 2190 611 2242 22
635 2187 685 2256 (ct.
702 2187 861 2255 bongars.);
891 2187 958 2240 idem
981 2187 1047 2239 baec
1065 2195 1130 2240 autc
1146 2188 1213 2240 Pbo-

97 2273 176 2310 meae
194 2272 280 2308 essum
297 2261 373 2322 gesta
390 2263 479 2324 putat,
498 2263 551 2309 not.
568 2256 611 2310 ts.

96 2346 99 2351 ·
164 2327 322 2390 adfirmante
337 2328 429 2393 regulo
446 2325 573 2392 modam]
591 2323 636 2376 Sic
650 2324 736 2391 Rong.
753 2330 780 2376 et
797 2322 887 2387 codd,
905 2328 1026 2392 quantum
1044 2321 1111 2386 scio,
1130 2337 1214 2375 omues

82 2410 155 2446 ··cunr
172 2392 231 2445 edd.
249 2391 368 2445 vetustis.
403 2395 521 2462 Apparet
538 2395 664 2460 inceptam
681 2399 837 2444 structuram
855 2394 888 2444 ab
906 2392 1004 2444 lustiuo
1023 2393 1171 2460 neglectam
1188 2397 1215 2442 et

96 2463 225 2515 oblivione
242 2462 316 2529 plane
334 2461 459 2513 omissum.
494 2461 632 2528 Recipitur
654 2467 739 2514 umen
762 2471 821 2529 post
844 2461 984 2513 Graeviurn
1006 2459 1117 2513 Aldinae
1134 2459 1216 2524 moab

96 2531 172 2583 festa*
185 2531 326 2582 correctius
352 2531 477 2596 adfirmat
495 2531 581 2598 bigur
598 2530 711 2596 quidam.
747 2531 841 2582 Sunius
864 2529 887 2582 1.
911 2529 956 2581 Fr.
975 2529 1115 2581 (ironam
1139 2530 1214 2596 affor·

95 2617 167 2652 mare
177 2602 289 2668 *regulus
306 2599 420 2667 puidam.
444 2598 618 2649 Helinaudus:
637 2599 741 2665 puidam
758 2601 864 2669 segnius
882 2601 914 2651 dc
930 2599 1135 2651 Massiliensibus
1147 2599 1214 2650 nass

90 2669 213 2732 fabulam
228 2668 389 2734 praeposuit.

164 2740 180 2800 §
198 2736 223 2790 5.
258 2736 275 2787 8
292 2735 424 2796 Gronov„
442 2732 541 2784 Gonu:
561 2734 678 2786 darninot
694 2736 854 2804 quandoque.

165 2807 181 2867 ἓ
198 2805 225 2856 6.
259 2803 380 2868 instruit]
407 2802 452 2852 Sic
471 2800 557 2852 editur
574 2819 605 2853 en
623 2818 681 2854 mss.
699 2804 785 2856 nescio
803 2809 868 2870 quot
891 2803 990 2870 Bong„
1014 2802 1214 2872 biuterpolstis

96 2872 230 2932 Gronau,
257 2871 350 2936 Prag.;
373 2868 425 2922 vid.
446 2871 588 2936 Wopkens.
622 2871 644 2922 1.
663 2871 707 2924 [ir.
724 2873 857 2924 Gronau:
877 2875 969 2934 sinuit,
993 2878 1022 2923 ut
1043 2871 1127 2924 Dorv.
1146 2871 1214 2934 1.3,

96 2941 194 3003 Goth„
211 2940 288 3001 Creo.
326 2941 339 2991 1
358 2938 456 3006 Bong.=
473 2940 596 2991 institnit.
632 2940 685 2991 Sed
703 2946 806 2993 vetusta
823 2941 899 2993 lectio
917 2948 972 2992 ests
991 2942 1117 2994 manniti
1139 2957 1214 3009 quam

95 3025 163 3060 nuuc
179 3025 229 3060 non
249 3007 331 3058 babeo
349 3006 393 3076 qui
411 3007 563 3070 delendan13
581 3007 605 3059 si¹
622 3009 725 3060 abesset
739 3026 789 3060 vox
807 3011 1009 3061 Massiliensibus
1026 3009 1069 3060 vel
1087 3008 1215 3078 adiunge·

94 3084 167 3129 retur
185 3075 349 3146 praecedenti
366 3077 491 3139 insidias,
516 3077 687 3144 explicaretur
711 3076 858 3130 insidiarum
878 3079 1021 3130 molimenta
1046 3077 1170 3145 perficit,
1187 3081 1215 3130 ut

94 3147 188 3198 Cicero
205 3145 239 3198 da
256 3144 314 3196 ain.
332 3145 378 3211 IV,
397 3149 427 3199 1:
446 3145 612 3212 disciplinam
623 3146 743 3210 fundare
760 3154 787 3200 et
803 3153 946 3208 castrense,
964 3139 1006 3198 cui
1024 3145 1110 3198 simile
1128 3155 1214 3199 uotum

94 3213 172 3266 illudr
191 3215 251 3266 Nan
267 3229 380 3283 pavere
396 3215 567 3280 exaedificare
584 3215 613 3266 id
630 3231 711 3282 opus,
728 3217 797 3285 quod
814 3216 958 3269 instituisti.
1001 3212 1113 3267 Poterat
1129 3221 1213 3268 tarum

94 3281 269 3352 compendium
286 3282 442 3350 praecedens
460 3281 556 3350 aliquid
573 3283 687 3338 turbere

82 3410 86 3414 ,
162 3351 351 3417 mensumn]
376 3351 488 3418 (Panga
506 3348 672 3417 Moralium.)
697 3352 802 3420 Trogus
827 3351 906 3404 vertit
929 3351 1058 3403 Graecum
1077 3345 1212 3419 clutleamp

94 3419 169 3485 plau.
206 3418 276 3472 Male
293 3435 324 3470 ex
341 3419 366 3473 b.
384 3419 402 3471 l
420 3419 625 3471 Massiliensibus
644 3421 752 3474 Floram
769 3422 842 3473 deum
857 3421 1018 3473 tribuerunt=
1036 3437 1062 3472 v.
1081 3420 1214 3473 Tarauna.

114 3490 264 3542 a.61s.
836 3522 841 3529 -

95 3504 149 3561 Η
161 3504 268 3625 scinpcls
285 3557 313 3623 t]
336 3556 462 3623 Bongsrs.
481 3572 566 3608 ornnes
583 3555 627 3607 bic
644 3561 671 3608 et
688 3559 705 3621 3
721 3557 738 3609 9
756 3557 857 3623 scirpiis
874 3557 921 3623 (ut
937 3556 1033 3623 Goth.)
1051 3556 1095 3609 vel
1112 3557 1214 3624 sirpiis:

94 3641 145 3693 qun
169 3626 242 3678 modo
267 3630 321 3676 tum
345 3624 527 3692 pronunciasse
551 3624 679 3676 Romanus
708 3642 757 3675 non
781 3624 878 3676 dubito.
923 3625 991 3679 uda.
1015 3632 1097 3688 vett,
1122 3625 1214 3678 Grac:

93 3693 452 3813 tinctitiis*
469 3700 907 3827 tl.t¹⁰tl⁹⁰tn‘³t.tttt⁰ti
923 3693 1215 3830 sipili'ffim‘lffil‘

1 3817 2 3822 ,
148 3801 153 3813 ·
436 3801 442 3812 ·
536 3801 541 3812 ·
604 3801 612 3824 s
691 3800 698 3812 ·
1041 3799 1063 3825 ·s
1164 3797 1170 3809 ·
1207 3802 1214 3815 ·

93 3832 111 3883 2
127 3837 155 3883 et
171 3833 189 3885 3
207 3847 245 3899 pr.
264 3847 312 3892 m.;
330 3830 509 3898 intelliguntur
527 3831 656 3899 „copbini
674 3847 706 3882 ex
723 3828 859 3882 viminibus
877 3832 982 3892 texti“;
1000 3831 1021 3886 1.
1041 3831 1087 3883 nr.
1106 3833 1190 3886 (iren.

115 3935 120 3941 -
161 3900 220 3962 Si.
256 3900 382 3966 armatis]
407 3907 527 3966 tanquam
545 3900 658 3952 ‹licerets
682 3899 813 3961 exercitu,
839 3900 929 3968 copiis.
965 3898 1058 3951 Orac:
1077 3909 1215 3967 armatusr

94 3964 152 4017 edd.
172 3971 248 4018 vett:
265 3969 363 4019 armati
379 3969 540 4020 invaderent.
575 3967 673 4030 (iotha
691 3968 785 4030 armis,
803 3973 833 4019 ut
850 3969 891 4020 ed.
905 3969 1007 4030 Oxou-3
1025 3969 1088 4022 fort.
1106 3969 1213 4023 ecodd.

94 4033 267 4097 Britnnnicis‚
285 4052 394 4101 quorum
413 4037 563 4104 praesertim
581 4037 656 4088 Bodl.
673 4055 728 4089 curn
746 4037 826 4087 Goth.
845 4036 989 4090 ‘consentire
1002 4036 1083 4090 solet

161 4105 221 4168 §a
255 4103 376 4169 scirpcis]
395 4104 427 4157 V.
444 4105 477 4157 ad
496 4109 512 4170 ς
530 4107 564 4167 63
590 4104 633 4157 bic
650 4106 747 4159 Gutus
764 4105 864 4174 scirpis.
