2624 4606
30 186 189 297 'aar
498 220 901 291 tuantur

166 374 221 441 soli
243 375 356 441 desides
376 376 557 446 viderentur,
578 373 705 451 peditum
732 375 891 453 quiadecim
910 372 1017 447 millis,
1051 375 1177 452 meum
1195 381 1249 445 tria

123 494 128 505 ·
143 458 260 523 amitte
272 466 466 532 amaveram
484 458 643 535 fugatisque
663 458 798 519 Getarum
818 458 1060 536 Triballorumque
1080 462 1169 540 copiis
1184 462 1250 525 ua

168 544 302 609 oedoniee
314 546 487 619 imminentes
495 542 611 620 ¹legatos
621 544 660 621 ad
670 558 765 620 regern
776 546 927 618 misenmt,
948 544 997 621 qui
1008 562 1108 622 pacem
1121 547 1154 611 ,εἴ
1163 566 1250 609 νοω

140 628 221 688 ilem
240 630 386 703 offerrent,
409 629 534 688 simulet
549 629 624 703 regis
638 634 729 686 castra
739 629 954 705 specularentm.
997 628 1078 697 Quos
1089 628 1250 713 Antigonus

169 734 223 792 pro
234 712 321 790 regali
334 712 522 773 munificentia
539 714 644 789 ingenti
663 721 800 791 apparatu
814 714 955 792 epularum
967 714 1006 772 ad
1019 733 1133 773 cocmm
1146 716 1250 777 inrita·

145 800 220 857 avit.
252 799 309 857 Sed
325 799 400 857 Galli
413 800 566 877 exposItum
578 798 686 873 grande
700 798 759 856 auri
773 800 936 875 argentique
951 799 1061 877 pondus
1078 800 1249 864 admirantes

124 878 128 905 ³
161 889 255 962 'atque
268 884 391 961 praedae
407 885 532 943 ubertate
543 880 677 941 sollicitati
689 882 847 943 infestiores
862 902 946 961 quarn
959 890 1094 943 venerant
1105 894 1250 948 revertun-

144 972 221 1027 bitu.
253 966 373 1036 ‘Quibus
388 975 416 1027 et
430 968 592 1046 elephantos
605 968 643 1026 ad
656 974 789 1026 terrorem
801 968 875 1027 velat
893 970 1038 1027 inusitatas
1050 970 1177 1031 barbaris
1190 974 1250 1033 for·

144 1056 162 1111 t
171 1072 292 1113 masrex
302 1054 415 1113 ostendi
428 1055 547 1111 iusserat
560 1058 591 1111 ct
608 1070 694 1111 nares
713 1060 827 1129 onustas
847 1054 934 1132 copiis
950 1054 1150 1113 demonstrari:
1168 1056 1250 1134 igna-

169 1158 234 1212 rns,
246 1140 338 1214 quod,
354 1138 454 1214 quibus
469 1137 652 1196 ostentatione
665 1137 763 1195 virium
776 1144 883 1196 metum
895 1158 926 1196 se
941 1139 1054 1199 iniicere
1066 1139 1250 1219 exarmasse,

141 1226 162 1301 ,a
173 1222 268 1282 eorum
284 1224 391 1281 animos
408 1229 440 1280 at
451 1223 488 1279 ad
501 1222 620 1300 opimam
631 1222 764 1298 praedam
781 1222 954 1283 sollicitabat.
997 1223 1094 1300 ltaque
1112 1224 1199 1303 legati
1211 1228 1249 1287 ud

171 1327 237 1387 suos
250 1309 352 1381 reversi
366 1309 459 1367 omnia
471 1308 501 1364 in
513 1307 601 1365 maius
615 1305 779 1365 extollentes
793 1314 872 1385 opcs'
883 1308 987 1387 pariter
1007 1314 1037 1367 et
1049 1307 1249 1386 negligentiam

145 1393 245 1468 9regis
258 1394 423 1455 ostendunt:
445 1391 546 1469 referta
563 1411 631 1449 curo
646 1397 673 1449 et
686 1397 797 1465 argmto
811 1397 919 1465 castro,
940 1392 986 1451 red
999 1386 1081 1470 negor
1095 1395 1170 1455 antio
1188 1392 1250 1476 for-

171 1495 235 1537 rare
251 1481 372 1547 trunitu3
394 1483 420 1535 et
438 1481 517 1555 quusi
537 1480 608 1534 rott'r
626 1478 781 1534 munimenti
802 1480 830 1534 in
851 1476 956 1535 diuitiis
979 1478 1127 1552 bobmmt,
1146 1483 1191 1540 ita
1208 1502 1251 1541 eor

57 1606 60 1611 .
130 1566 259 1623 tortorio
273 1562 362 1639 efficia
374 1563 504 1620 militaria
518 1564 700 1620 intermisisse:
716 1581 825 1641 prorsus
843 1566 922 1640 puori
935 1563 1010 1642 ferri
1022 1565 1127 1624 nordio
1140 1585 1192 1625 non
1207 1571 1250 1626 ia-

172 1648 305 1723 digerent,
327 1651 450 1727 quautam
464 1647 629 1705 abundarent
643 1665 719 1703 curo.
1099 1660 1102 1665 ·

63 1792 66 1797 ,
148 1738 163 1789 1
256 1732 292 1790 II.
314 1732 377 1790 Hac
389 1732 522 1790 relatione
534 1733 634 1789 aridae
654 1730 747 1805 gentis
762 1731 845 1788 animi
864 1733 933 1790 satis
950 1732 987 1791 ad
1007 1733 1140 1810 praedam
1152 1736 1250 1795 incita·

147 1819 287 1889 tbantur3
308 1818 457 1876 accedebat
475 1824 568 1875 tamen
586 1822 614 1874 et
634 1810 788 1892 eitemplum
800 1817 908 1891 Belgii,
925 1819 974 1893 qui
994 1837 1050 1875 non
1065 1837 1166 1893 magno
1182 1828 1249 1879 ante

147 1903 299 1979 tltempore
310 1901 494 1960 Macedonum
512 1902 657 1960 exercitum
679 1918 743 1959 cum
754 1919 822 1976 rege
835 1903 1026 1961 trucidaverat.
1066 1901 1162 1978 Itaque
1180 1923 1249 1962 con-

174 1987 355 2047 sentientibus
375 1987 502 2045 omnibns
520 1992 602 2045 nocte
619 1990 712 2042 castra
723 1986 800 2063 'regis
820 1986 1035 2061 adgrediuntur:
1056 1987 1103 2064 qai
1118 2006 1250 2065 praesen-

62 2106 69 2117 «
171 2074 244 2131 tiens
254 2076 360 2130 tautam
375 2076 568 2148 tempestatem
581 2072 690 2145 signnm
702 2072 793 2148 pridie
812 2071 947 2145 dederat,
969 2078 998 2130 ut
1017 2072 1144 2131 omnibus
1165 2074 1250 2133 rebus

151 2156 272 2215 ¹ablutis
285 2156 313 2213 in
328 2157 452 2234 proxima
472 2156 539 2213 silva
557 2156 633 2214 taciti
650 2174 681 2214 se
698 2155 876 2214 occultarent.
919 2155 1021 2232 Neque
1040 2155 1121 2216 aliter
1141 2166 1251 2217 serrata

61 2262 64 2267 ·
118 2294 121 2299 .
147 2240 263 2301 icastra
278 2261 361 2318 qnam
375 2242 451 2318 quod
463 2243 580 2307 deserta
592 2244 669 2298 sunt:
692 2240 827 2315 siquidem
847 2239 938 2315 Galli,
959 2243 1006 2299 ubi
1019 2243 1112 2301 omuIa
1125 2245 1251 2303 vacantia

125 2360 128 2367 ·
172 2346 225 2395 nec
242 2328 303 2385 sine
325 2326 516 2385 defensoribus
535 2326 631 2399 modo,
660 2326 857 2383 verumetiam
881 2326 942 2384 sine
961 2328 1121 2385 custodibus
1142 2330 1250 2402 rident,

173 2431 229 2469 non
242 2412 335 2488 fugam
348 2411 483 2482 hostium,
506 2411 557 2468 sed
571 2410 663 2467 dolum
678 2410 843 2468 arbitrantes
860 2411 907 2468 diu
920 2411 1023 2469 intrare
1038 2414 1136 2489 porta's
1151 2415 1250 2473 timue-

147 2500 245 2554 5runt.
288 2494 333 2552 Ad
344 2496 512 2570 postremum
527 2495 641 2570 integris
662 2499 690 2552 et
710 2494 819 2552 intactis
838 2495 1014 2554 munimentis
1027 2502 1182 2571 scrutantes
1199 2519 1251 2577 po·

147 2582 228 2639 btins
240 2598 322 2653 quarn
337 2581 499 2656 diripientes
513 2586 603 2635 castra
616 2586 826 2657 occupaverunt.
870 2579 952 2638 'Iunc
965 2580 1064 2638 ablatis
1081 2599 1155 2657 quae
1173 2587 1250 2642 inve-

173 2670 286 2734 nerant,
308 2664 344 2720 ad
358 2662 422 2720 litus
435 2669 640 2720 convertuntur.
681 2662 723 2720 lbi
737 2665 897 2723 damnares
916 2668 1050 2723 incautius
1062 2667 1211 2745 diripiunt,
1232 2686 1250 2726 a

173 2748 322 2821 remigibus
342 2755 370 2805 et
381 2749 417 2805 ab
440 2749 574 2806 exercitus
592 2752 694 2824 parte,
715 2766 788 2824 quae
801 2769 835 2808 eo
850 2770 911 2808 cum
928 2750 1090 2826 coniug'bus
1114 2760 1143 2810 et
1157 2753 1249 2813 liberis

147 2833 370 2906 tcontugerant,
391 2832 456 2891 nihil
473 2831 529 2891 tale
543 2838 696 2892 metuentes
709 2834 894 2894 trucidantur:
916 2841 1053 2912 tantaque
1063 2838 1165 2897 caedes
1180 2837 1249 2896 Gal-

114 3060 123 3069 ·
198 3059 343 3129 quadram
359 3058 437 3126 mit]
457 3059 553 3127 Prag,
570 3058 661 3115 crac:
678 3059 759 3113 XXV
771 3078 822 3124 rra,
840 3065 869 3114 ut
886 3060 926 3113 ed.
946 3060 1021 3115 Rom.

131 3134 135 3139 ”
198 3128 254 3181 triu
269 3128 345 3195 mm]
362 3126 434 3180 Med.
453 3131 483 3180 1:
502 3136 630 3198 quatuor,
646 3134 676 3180 ut
692 3130 710 3183 2
726 3128 786 3182 edd.
805 3137 871 3182 vett.

199 3195 254 3263 54.
288 3198 480 3265 munificentia]
507 3199 582 3250 Haec
600 3204 721 3251 constans
745 3198 866 3251 librorum
888 3199 998 3253 omnium
1023 3195 1102 3250 lectio
1119 3201 1178 3264 est,
1201 3199 1252 3253 nisi

128 3266 199 3339 qnod
216 3280 282 3317 nnus
299 3266 395 3334 Bong.=
419 3268 634 3337 magnificentia,
657 3268 724 3336 quod
741 3268 816 3321 tunica
833 3285 922 3321 verum
942 3266 1052 3389 putarit
1067 3267 1252 3336 Wopkausins,

127 3336 232 3407 recepit
246 3332 358 3387 Beneck.
374 3334 457 3402 (adde
475 3336 591 3388 Gronov.
610 3353 671 3404 pag.
689 3335 764 3403 924.)
799 3336 852 3389 Sed
871 3338 919 3390 hoc
957 3335 1057 3391 ustinus
1074 3335 1172 3392 soluite
1194 3339 1252 3391 Rea

127 3404 230 3474 legatos
249 3419 299 3454 uon
317 3404 350 3455 ad
368 3404 522 3472 colloquium
545 3410 643 3457 tanturn
670 3404 790 3470 admisit,
821 3405 867 3459 sed
890 3406 967 3475 regia
985 3404 1145 3483 liberalitate
1169 3406 1264 3476 epulis.

22 3524 26 3529 .
129 3471 386 3545 magnificentissimis
403 3473 528 3525 adhibuit.

197 3544 257 3609 §a
290 3542 449 3609 inusitatas]
480 3539 592 3593 Detendi
614 3557 692 3611 posse
716 3540 783 3593 banc
807 3541 946 3596 dictionem
970 3540 1104 3613 patriis,
1126 3560 1195 3611 qnae
1217 3545 1253 3597 ad

129 3610 234 3674 XVIII,
254 3617 285 3672 1,
302 3609 353 3673 §5
378 3610 562 3678 congessimus.
596 3610 617 3661 Ι.
637 3610 681 3663 m.
700 3610 820 3667 Gronov.
844 3612 1018 3681 reponendum
1042 3611 1159 3665 censuit:
1182 3614 1253 3667 inui-
1289 3622 1292 3627 '

129 3682 238 3744 armas,
258 3684 288 3731 ut
304 3679 412 3733 habetur
429 3679 456 3731 in
473 3696 519 3731 ms.
538 3680 623 3731 Oxou.
644 3686 672 3730 et
688 3680 768 3731 Dore.
786 3682 820 3745 23
838 3698 862 3732 v.
881 3681 958 3734 etiam
977 3681 1072 3751 Wopk.
1089 3680 1125 3735 ad
1141 3681 1169 3736 lt.
1185 3681 1205 3734 l.
1217 3711 1253 3723 -

131 3747 190 3801 Vid.
206 3748 237 3799 A.
256 3748 292 3801 G.
309 3744 437 3816 Schlegel.
455 3750 493 3802 ud
510 3748 570 3801 tter.
588 3748 687 3816 elepb.;
702 3747 772 3811 Bibl.
789 3748 845 3803 Iud.
862 3748 884 3802 l.
904 3767 929 3819 p,
949 3749 1007 3805 181.

198 3816 229 3868 c.
246 3816 280 3886 II.
303 3819 364 3882 §5-
399 3819 592 3888 confugerunt]
628 3814 674 3868 Sic
697 3833 783 3872 omnes
806 3820 839 3872 ad
863 3835 941 3873 unum
964 3818 1057 3882 codd,
1089 3817 1168 3873 etiam
1192 3818 1254 3875 edd.

131 3891 194 3939 vett.
212 3893 318 3954 praeter
336 3902 419 3939 unam.
453 3887 508 3939 Sed
531 3885 596 3938 sads
618 3884 754 3955 imperiose
770 3887 929 3941 Beneckinsr
945 3890 1028 3953 „Der
1044 3887 1163 3941 Plrrrntis
1177 3906 1254 3944 corr-
1285 3920 1287 3927 ι

124 3954 353 4025 fugerant-
371 3956 443 4009 bonu
459 3959 511 4023 arat
524 3956 598 4009 leina
618 3956 704 4008 Weiss
722 3958 927 4029 gereclrtfertigt
942 3958 1073 4011 werden.“
1100 3954 1133 4012 V.
1151 3957 1187 4010 D.
1206 3958 1255 4011 ad-

129 4022 226 4077 ditum:
251 4025 571 4094 consummabimus,
598 4023 658 4077 dum
676 4024 725 4083 boe
768 4025 933 4081 renunciaret
958 4026 1254 4151 plffipraetcrriditr

129 4108 155 4143 v.
173 4090 279 4146 musa.
295 4106 339 4162 gr.
354 4092 402 4146 ra.
421 4110 450 4160 p.
467 4092 525 4149 154.
544 4092 649 4147 croac
667 4094 684 4160 s
703 4095 717 4149 t
771 4098 825 4148 no.
843 4095 861 4148 s
877 4112 903 4165 p.
921 4064 957 4150 e’a
1079 4093 1114 4149 a.
1131 4094 1168 4149 nt
1184 4096 1251 4153 uu.
