2624 4606
147 217 212 295 rra
387 177 390 181 ’
516 219 919 285 voantur

94 348 99 363 ¹
146 384 182 441 13
191 370 283 457 Cyrus
306 379 477 440 condiderat.
519 375 553 435 Iu
572 377 727 437 Bactrianis
752 394 864 454 quoque
888 374 1096 452 Sogdianisque
1121 377 1272 437 duodecim

187 467 271 525 arbes
294 464 435 538 condidit,
464 462 618 522 distvibutis
638 462 700 537 luis,
727 468 907 540 qao'scuuque
925 461 956 519 in
976 463 1097 521 exercita
1120 463 1272 523 seditiosos

75 584 78 589 ·
189 549 318 610 habebat.

165 641 180 692 1
273 633 321 693 Vl.
351 630 406 691 His
436 632 475 690 ita
501 632 589 708 gestis
616 631 733 691 solemni
754 631 802 699 die
827 630 929 689 amicos
953 630 983 687 iu
1006 630 1161 689 convivium
1180 639 1272 691 vocat

163 719 248 780 2Ubi
264 722 328 777 crta
339 718 413 776 iuter
423 717 516 776 ebrios
529 736 619 776 reruur
635 733 653 774 a
668 715 796 795 Philippo
815 720 956 790 mierum
972 717 1113 775 mantione
1129 719 1272 793 praeferre

189 824 221 864 se
232 803 307 883 patri
319 803 380 881 ipae
397 818 545 878 rerumque
564 818 675 860 suarum
697 799 916 875 magnitudinem
937 799 1069 859 extoliere
1088 801 1166 859 caelo
1189 806 1271 861 tenus

13 852 33 979 ,ἡ
156 888 299 967 aceepit,
326 887 494 946 adseutaate
511 886 617 945 maiore
636 885 808 944 convivarum
830 890 921 960 parte.
963 884 1062 961 ltaque
1081 904 1143 943 oum
1162 886 1271 945 unuie

156 1014 160 1021 -
189 973 324 1045 senibus,
346 970 460 1044 Clitos,
482 970 584 1028 fiducia
604 969 740 1028 amicitiae
765 968 881 1044 regiae,
907 967 986 1027 cuius
1005 967 1126 1047 palium
1146 970 1270 1043 tenebat,

188 1056 349 1116 memoriam
361 1052 480 1133 Philippi
494 1059 619 1114 tueretur
633 1054 816 1130 laudaretque
828 1053 886 1112 eius
900 1072 944 1113 rea
955 1058 1066 1129 gestas,
1086 1054 1160 1112 adeo
1173 1074 1269 1130 regem

188 1141 322 1214 offendit,
343 1145 376 1198 ut
393 1139 450 1199 telo
468 1138 616 1198 asatellite
636 1145 717 1216 rapto
734 1138 862 1198 eumdem
880 1138 910 1195 in
934 1138 1060 1195 convivio
1081 1139 1270 1200 tmcidaverit.

163 1226 256 1295 4Qua
274 1225 360 1284 coede
378 1222 516 1284 multrms
530 1227 640 1282 mortuo
660 1222 844 1301 patrocinium
862 1221 984 1300 Philippi
999 1221 1165 1299 laudemque
1176 1231 1269 1302 puter·

164 1316 247 1371 dnae
259 1309 374 1387 militiae
384 1309 552 1369 oblectabat.
595 1308 747 1384 Postquam
761 1307 875 1365 sutiam
892 1307 978 1366 caede
989 1307 1096 1367 animus
1110 1309 1269 1385 conquievit

189 1400 219 1454 et
236 1396 266 1453 iu
286 1395 344 1454 irae
362 1392 452 1453 locum
471 1393 601 1453 suecessit
615 1392 788 1466 aestimatio,
808 1392 894 1451 modo
907 1410 1055 1471 personam
1068 1392 1163 1467 occisi,
1183 1395 1270 1452 modo

112 1492 117 1503 ·
163 1484 298 1540 accusem
314 1478 457 1538 occidendi
475 1479 671 1550 considerans,
691 1478 789 1556 pigere
803 1496 866 1536 euuv
886 1478 953 1539 tacti
972 1478 1077 1556 coepit:
1099 1476 1204 1556 quippe
1215 1497 1266 1556 po·

189 1569 281 1624 ternas
294 1561 389 1624 laudes
402 1569 461 1623 tam
475 1563 607 1623 iracunde
620 1563 758 1642 accepisse
769 1581 801 1622 se
817 1580 902 1639 quam
913 1579 966 1621 nec
975 1563 1096 1621 conada
1109 1563 1266 1635 debuisset3

111 1660 114 1669 '
188 1649 360 1725 amicumque
380 1666 475 1708 senem
493 1653 523 1707 et
541 1647 681 1707 innoxium
699 1666 717 1707 a
737 1666 769 1707 se
787 1648 907 1706 occisum
925 1647 998 1706 inter
1010 1646 1105 1726 epulas
1122 1653 1151 1706 et
1165 1647 1273 1727 pocula'
1302 1670 1306 1674 ·

163 1738 181 1791 7
189 1733 310 1792 dolebat.
351 1733 460 1792 Eodem
476 1733 562 1808 igitur
572 1734 666 1792 furore
677 1733 706 1791 iu
720 1732 934 1810 poeniteutiam,
955 1750 1012 1809 quo
1025 1732 1134 1810 pridem
1146 1733 1176 1790 iu
1186 1733 1266 1807 iram,
1284 1748 1287 1752 ·

131 1888 136 1895 .
164 1823 284 1877 8versas
298 1817 368 1876 mori
382 1816 478 1875 voluit.
519 1815 641 1876 Primum
654 1819 684 1876 in
697 1820 779 1876 fletus
792 1835 957 1895 progressus
975 1817 1104 1895 amplecti
1117 1824 1267 1893 mortuum,

188 1902 303 1967 vulnera
314 1906 436 1961 tractare
446 1907 476 1961 et
490 1903 570 1978 quasi
587 1902 709 1961 audienti
727 1901 854 1960 confiteri
866 1902 1049 1974 dementiam3
1071 1909 1212 1980 arreptum
1226 1909 1270 1963 te·

188 1985 245 2045 lam
264 1987 294 2049 iu
320 2005 352 2046 se
371 1987 473 2047 vertit:
493 1986 703 2064 peregissetque
720 1987 842 2060 facinus,
862 1986 916 2044 uisi
942 1987 1023 2046 amici
1046 1987 1268 2048 intervenissent.

145 2073 206 2129 910
213 2070 319 2130 Mansit
338 2071 408 2130 haee
426 2070 552 2130 voluutas
571 2072 707 2132 moriendi
727 2072 812 2131 etiam
823 2072 1012 2151 ¹sequentibus
1034 2071 1140 2131 diebus.
1167 2070 1269 2133 Acces-

44 2226 47 2231 ,
153 2210 161 2219 ,
188 2161 264 2215 serat
280 2156 352 2215 euim
366 2155 681 2235 poeniteutiaeuutricis
695 2174 778 2230 suae,
799 2157 901 2214 sororis
923 2156 1005 2231 Cliti,
1028 2157 1199 2232 recordatio,
1221 2178 1269 2217 cu·

145 2245 178 2299 11
188 2241 229 2298 ius
244 2240 366 2300 absentis
380 2260 443 2300 eum
456 2242 572 2300 maxime
585 2241 725 2322 pudebat:
746 2246 805 2299 tam
819 2241 930 2300 foedam
944 2240 983 2299 illi
997 2240 1189 2302 alimentorum
1201 2261 1268 2301 suo-

186 2344 248 2384 rum
266 2325 422 2385 mercedem
442 2325 597 2400 redditam,
618 2331 665 2400 ut,
681 2325 711 2385 iu
732 2325 809 2384 euius
835 2324 961 2385 manibus
982 2325 1138 2405 pueritiam
1160 2333 1288 2405 egerat,-

145 2409 251 2469 canuto
269 2408 374 2470 iuvenis
396 2415 426 2471 et
445 2410 533 2469 victor
551 2429 603 2488 pro
622 2409 761 2470 beneficiis
781 2410 880 2469 funem
900 2410 1064 2470 remitteret
1106 2405 1281 2491 Reputabat¹

187 2494 305 2569 deiude,
327 2499 462 2573 quantum
483 2495 514 2554 iu
534 2494 655 2556 uertite
677 2513 752 2569 suo,
779 2499 912 2574 quantum
930 2496 1008 2576 apud
1029 2497 1150 2559 (levatam
1168 2502 1266 2575 gentes

666 2660 676 2674 ἱ

142 2698 210 2774 cans.
244 2702 369 2791 Intelligit
384 2737 450 2793 prae
467 2719 559 2776 ceteris
577 2723 741 2845 wfflm’
758 2738 836 2791 quam
853 2721 940 2793 Gyras
956 2721 1102 2777 condidisse
1115 2696 1263 2787 lacunar-3

111 2817 113 2821 ν
145 2788 229 2842 eidem
246 2806 293 2842 sex
309 2791 407 2845 minore
424 2790 519 2861 oppida
536 2792 598 2846 simu
676 2800 704 2846 ta
720 2791 793 2846 addit
811 2792 934 2845 Arrianus
949 2791 996 2856 lv,
1015 2794 1042 2848 2.
1060 2794 1088 2847 3.

212 2860 289 2924 513.
324 2861 458 2914 doudecim
474 2862 564 2945 crica]
599 2862 650 2914 Dio
669 2878 707 2914 or.
732 2860 892 2924 xvl1,83=
922 2861 1008 2928 (Post
1030 2847 1263 2927 Alexandriam&

142 2921 315 2996 Ἀλέξανδρος
338 2927 387 2981 soci
412 2921 498 2990 tatae
525 2931 621 2991 antece
645 2926 764 2996 ἔκτισεν,
796 2924 903 2998 ἡμέρας
930 2924 1001 2982 o‘div
1015 2924 1186 2994 ,ἀπεχούσας
1215 2925 1268 2993 τῆς

142 2989 356 3065 Ἀλεξανδρείας·
372 2993 506 3066 κατῴκισε
523 2992 555 3050 δ’
572 2998 613 3060 ele
631 2994 722 3058 αὐτὰς
737 2997 795 3051 acia
811 2993 863 3064 pic
878 2992 1033 3080 βαρβαρων
1050 2992 1286 3059 ἑπτακιςχιλίοας,

122 3132 125 3137 ¹
142 3070 225 3129 cett,
249 3065 276 3119 in
293 3082 344 3136 quo
361 3065 384 3119 si
401 3066 484 3119 nostri
507 3083 603 3121 memor
625 3067 715 3120 fuisset
732 3065 932 3134 Wessouugvos,
960 3063 1173 3132 paullo-torace
1188 3060 1267 3116 aliter

141 3133 177 3188 ‹le
194 3133 245 3187 loci
267 3134 449 3204 corruptione,
466 3151 543 3204 quam
561 3141 588 3188 et
603 3134 660 3206 ipse
677 3141 782 3200 statuo,
799 3133 1003 3205 pronunciasset:
1223 3184 1225 3188 .

212 3204 244 3257 G.
262 3203 308 3256 Vl.
331 3206 393 3269 53.
430 3204 512 3258 Clitor
533 3205 649 3258 Gronov.
677 3203 764 3258 edidit·
785 3218 877 3260 emsa.
902 3200 988 3254 nescio
1012 3203 1075 3270 quot
1098 3198 1184 3267 Bong.
1203 3202 1231 3253 et
1248 3202 1267 3255 6

142 3269 210 3336 auin
227 3288 252 3327 v.
270 3289 296 3342 p.
314 3271 366 3327 852
382 3289 420 3341 sq.
455 3270 556 3341 Bong.r
576 3275 667 3330 coms.
1103 3291 1109 3299 ·

210 3357 253 3394 rer
269 3341 378 3412 gestas]
403 3341 505 3394 Goon:
521 3350 606 3412 gaeta
1206 3349 1208 3353 ’

210 3413 228 3476 S
244 3410 272 3468 5.
307 3409 474 3476 aestimatio]
493 3410 579 3478 Boug·'
594 3410 712 3480 quidemr
730 3407 908 3472 exiaiaatioe
929 3407 976 3462 aed
993 3407 1021 3461 lu
1038 3426 1064 3464 v.
1081 3407 1114 3460 l.c
1133 3405 1221 3472 „lllsa
1240 3424 1265 3464 o.

142 3479 292 3544 aetimatio,
309 3477 391 3531 etita
408 3479 611 3548 reponendum.“

207 3549 302 3617 pigere
315 3550 410 3613 mous.
426 3548 460 3614 c]
475 3548 593 3601 faciliore
608 3547 685 3601 etiam
698 3544 848 3601 anacolutho
860 3562 936 3615 quarn
945 3545 1043 3615 Hygia.
1056 3546 1110 3601 fab.
1118 3542 1264 3597 LXXXlVr

177 3617 276 3669 muitcre
292 3632 349 3670 cam
366 3617 464 3684 coepit,
490 3619 564 3686 regie
581 3620 760 3671 crudelitatem
777 3616 887 3677 timeare
913 3622 941 3668 et
956 3616 1057 3686 Salpia.
1073 3615 1165 3667 Seven.
1182 3614 1217 3673 Η,
1235 3612 1266 3664 S.

160 3720 170 3751 ‚
188 3685 239 3738 38:
257 3685 332 3738 licias
348 3702 405 3737 eam
416 3686 491 3749 facti
507 3703 565 3738 moa
578 3688 669 3755 piguit
685 3687 882 3756 poeniteatque,
898 3687 1004 3739 veniam
1020 3704 1039 3738 u
1056 3685 1159 3737 domino
1174 3688 1266 3750 petens

142 3758 215 3817 cett,
233 3769 296 3824 quoa
312 3755 382 3807 locos
401 3754 558 3822 Wopkeusio
576 3756 676 3819 debe03
700 3755 747 3808 sed
763 3754 853 3808 eodem
877 3761 985 3808 auctore
1008 3752 1156 3808 Gronovius
1173 3751 1265 3804 vocab.

142 3838 200 3877 aaut
217 3823 312 3875 tacitus
329 3839 377 3875 uec
393 3823 489 3875 monito
506 3823 605 3877 lectore
625 3822 739 3877 delevit·

211 3890 272 3956 §7-
303 3890 418 3961 pridem]
437 3894 451 3946 1
471 3892 568 3962 Bong.r
588 3895 691 3962 pridiae
713 3887 759 3942 sed
776 3907 803 3943 v.
820 3892 917 3960 Wopk.

211 3962 228 4025 S
247 3961 289 4014 to.
324 3961 526 4028 nutriciam,
548 3962 645 4015 somnia
664 3959 717 4026 Gi]
741 3957 788 4011 Sic
804 3959 862 4011 cod.
880 3960 963 4014 Gotlr.
981 3958 1107 4027 (Grac),
1131 3960 1161 4010 ut
1176 3954 1266 4008 Faber

142 4032 171 4082 et
190 4027 320 4082 Graevius
337 4037 514 4098 reposuerunt.
547 4031 638 4099 Bong.
656 4035 685 4082 et
701 4026 792 4088 codd..
816 4026 953 4093 citatior,
978 4028 1097 4096 plurimi,
1122 4031 1187 4080 vett.
1204 4024 1266 4078 edd.

142 4110 245 4152 cauere
260 4105 331 4154 actv.
346 4114 369 4153 r.
386 4105 421 4154 et
435 4100 533 4155 sacris
550 4101 608 4164 ct,
624 4097 694 4169 qued
709 4094 810 4150 serrari
827 4097 942 4165 potuisse
957 4097 1079 4153 abinoe
