2624 4606
310 220 313 224 “
347 230 539 324 nisena
564 230 651 295 nin.
679 233 723 293 11.
751 230 850 294 car.
879 237 907 300 1.
1157 234 1222 317 ‚²1-

79 387 144 451 48.
165 382 313 443 Mardniio
324 389 457 443 terrestris
466 389 598 444 exereitus
611 390 769 445 conmissus.
814 387 917 445 Xerxes
930 405 1009 464 aegre
1020 387 1112 447 evadit
1122 391 1216 466 pisca

176 472 251 527 toria
267 469 382 548 scapha:
403 470 656 550 antapodasis
668 466 798 530 maritus
809 472 887 552 fasne
904 473 1039 543 obruitur5
1065 472 1135 535 unde
1145 491 1217 534 rista

176 553 275 613 stades.

90 638 141 706 14.
162 638 326 699 Mardonius
337 640 367 696 in
380 636 493 697 Boeotia
505 637 542 696 ad
556 637 686 697 Plataeas
698 658 758 698 curn
765 638 856 698 Persis
872 642 1060 701 oGroeeorurn
1072 635 1155 721 eop's'is
1170 645 1215 702 ai·

126 726 135 799 j
175 730 251 794 etus,
271 742 332 781 curs
343 726 439 800 paucis
448 723 584 800 profugit.
626 723 730 782 Eodem
744 723 807 802 fere
827 732 954 784 momento
972 726 1102 785 aduersus
1115 726 1215 787 Persas

177 811 288 869 inAsia
296 807 416 885 feliciter
428 806 586 881 dimicatum
599 813 645 866 est
713 834 715 840 ·

16 900 19 905 '
88 894 142 961 15}
163 892 333 954 Athenienses
349 891 496 969 Spartaris
506 892 605 950 delusis
620 893 709 951 urbem
727 912 760 950 es
775 897 880 970 integro
893 896 1056 953 instaurant.
1084 894 1217 973 Spartaci

176 979 321 1038 Persarum
329 977 401 1054 fines
422 976 622 1053 depopulantur.
666 976 821 1036 Pausanias
838 979 1000 1056 proditionis
1022 999 1082 1038 reus
1102 979 1215 1040 dom

171 1066 227 1123 'tun
271 1061 374 1123 xerxe
385 1081 405 1120 a
418 1061 524 1121 Cimone
543 1065 662 1121 terrestri
673 1064 818 1152 montique
835 1064 936 1143 proelio
954 1068 1050 1124 iterum
1068 1070 1216 1144 superatur.

553 1256 762 1269 —-—-

138 1407 140 1411 ’
176 1408 200 1468 Ι.
221 1387 266 1475 In
279 1408 413 1469 relatione
432 1427 522 1468 rernm
536 1407 572 1467 ab
587 1408 695 1484 Scythis
709 1417 867 1486 gestamm,
887 1432 961 1489 qnae
980 1412 1047 1472 satis
1065 1410 1197 1490 emptast

88 1495 311 1570 magnifieneque
324 1495 449 1568 suerunt,
470 1494 635 1571 principium
651 1494 809 1572 aborigines
828 1499 1008 1574 repetendum
1021 1503 1074 1556 est.
1104 1495 1198 1556 Non2

89 1579 167 1638 enim
187 1579 277 1637 miuus
302 1577 416 1636 illustria
437 1579 516 1635 initia
542 1597 625 1653 quam
646 1579 791 1656 imperium
814 1580 951 1652 habuere3
983 1601 1035 1640 nec
1052 1583 1173 1638 virorum

88 1664 181 1739 magis
194 1681 279 1740 quam
296 1663 459 1722 teminorum
470 1664 615 1720 virtutibus
626 1662 764 1723 claruere:
791 1666 896 1743 quippe
907 1685 968 1725 cum
986 1666 1040 1743 ipsi
1055 1665 1198 1724 Parthosd

89 1747 325 1824 Bactrianosqae,
346 1748 465 1806 feminae
479 1755 571 1804 autem
586 1767 680 1806 eorum
693 1749 864 1832 Amazqnum
880 1768 967 1826 regna
985 1750 1173 1809 condiderintz
1266 1751 1270 1761 '

88 1851 206 1913 prorsas
221 1842 253 1891 ut
263 1851 308 1891 res
325 1838 417 1908 gestas
429 1833 547 1889 viromm
562 1832 761 1910 mulierumque
782 1834 1018 1892 considerantibus
1038 1832 1198 1892 incertuml

90 1918 129 1977 sit
134 1960 145 1988 ,
158 1921 228 1975 'nter
241 1917 317 1994 apud
331 1936 380 1974 eos
398 1935 478 1974 sexus
495 1916 625 1975 illustrior
637 1919 728 1975 scierit.
771 1919 934 1993 Scytharum
950 1938 1019 1996 gens
1038 1918 1198 1994 antiquis-5

91 2002 164 2060 sima
178 2020 291 2080 semper
305 2000 418 2073 habita,
439 2019 606 2077 quamquam
620 2001 693 2059 inter
703 2002 819 2077 Scythas
835 2008 864 2061 et
878 2003 1034 2080 Aegyptios
1046 2003 1093 2060 diu
1106 2020 1174 2060 con-

90 2086 180 2146 tentio
200 2085 359 2161 degeneris
377 2090 515 2144 vetustate
536 2086 636 2142 suerit:
662 2085 807 2163 Aegyptiis
829 2088 1069 2163 prominentibus,
1097 2089 1215 2146 iniliofi·

89 2188 197 2245 reruns,
223 2188 283 2227 eun
301 2169 374 2227 aliae
390 2174 476 2226 terroe
494 2170 576 2225 nimio
590 2167 697 2245 femore
715 2170 779 2227 solis
801 2169 939 2242 arderent,
967 2170 1040 2229 ntiae
1058 2175 1175 2244 rigerent
1228 2232 1232 2239 ,

87 2256 208 2335 frigoris
221 2256 402 2326 inmanitate,
423 2257 464 2312 ita
477 2258 509 2310 ut
522 2271 574 2309 non
587 2251 662 2309 modo
672 2253 1053 2330 primaegenerarehontines,
1081 2252 1127 2311 sed
1142 2272 1175 2311 rte
1218 2284 1223 2291 ·

92 2339 213 2399 advenas
225 2337 329 2416 quidem
341 2341 453 2415 resipere
469 2356 503 2395 ac
523 2339 594 2395 tueri
604 2343 724 2413 possent,
747 2341 905 2416 prinsquam
921 2337 1048 2395 adversus
1061 2337 1175 2396 calmem

14 2441 19 2451 ·
90 2423 135 2483 oet
151 2422 251 2501 frigm
272 2423 419 2480 achmete
436 2423 553 2500 corporis
572 2423 752 2480 inueniretur
769 2422 811 2480 uel
828 2422 944 2479 locmun
958 2423 1030 2479 uitia
1044 2423 1174 2499 quaesitis

91 2515 151 2568 orte
158 2507 280 2566 remediis
297 2506 477 2582 motte'rentur,
498 2506 650 2586 Aegyptum
669 2511 712 2567 ita
727 2512 895 2586 temperatores
913 2524 1010 2586 semper
1014 2506 1121 2586 fuisse,
1141 2510 1198 2565 utt
1279 2560 1282 2566 .

131 2728 134 2733 .
162 2678 259 2744 (λὶς
274 2680 298 2732 2
315 2679 429 2731 rismum
450 2677 554 2748 magis]
584 2679 683 2749 Vulgus
709 2680 823 2734 oirorsan
839 2680 948 2750 imperio
967 2679 1073 2750 magis3
1096 2677 1142 2731 sed
1161 2693 1215 2730 vox

91 2748 155 2816 imp.
163 2747 280 2882 geaestpn
292 2747 354 2868 ipss.
369 2748 461 2869 Boqp,
478 2749 553 2869 iqua.
569 2754 688 2818 utroque,
707 2749 792 2816 Orac,
811 2750 903 2816 Goth,
919 2748 1004 2803 multis
1020 2747 1089 2819 apud
1097 2749 1214 2802 Gronov.

213 2853 221 2868 .
265 2826 299 2869 ,τί
329 2833 359 2868 ca
398 2853 405 2866 .
449 2821 477 2867 et
509 2854 516 2868 .

161 2887 217 2950 55.
232 2832 411 2954 andpdssffia
423 2900 522 2952 semper
538 2884 649 2952 lectita]
672 2885 727 2939 Ino
742 2886 844 2940 saeculo
864 2887 921 2940 iere
933 2889 993 2938 ants
1008 2880 1216 2955 Theopompum,

92 2952 163 3007 ande
176 2955 242 3007 haee
257 2970 376 3022 expressa
390 2971 445 3006 esse
456 2958 529 3005 recte
541 2952 648 3006 coniicit
664 2956 806 3009 Creuserus
818 2955 846 3008 in
859 2955 943 3024 praei.
956 2954 989 3008 nd
996 2957 1101 3024 fragm.
1114 2953 1216 3022 Ephori

92 3039 119 3094 p.
132 3021 183 3075 IX.
200 3021 272 3087 xli,
290 3022 440 3075 Herodotus
460 3021 521 3088 (lV,
544 3022 577 3088 5)
597 3021 664 3090 ipsos
687 3024 801 3093 Scythas
823 3023 943 3076 confiteri
961 3023 1000 3076 ait
1023 3019 1216 3075 ordeaceos

93 3087 270 3144 ducturas
287 3085 491 3152 sustracto
516 3084 587 3161 elsae
602 3088 635 3143 ed
655 3088 798 3158 σφέτερον.
833 3092 873 3145 Ut
893 3091 981 3161 paucis
1003 3090 1046 3144 hia
1058 3088 1216 3143 sententiam

91 3175 174 3227 msam
193 3175 249 3213 eon
267 3159 365 3212 lectar:
396 3159 460 3211 Post
479 3158 636 3212 Herodotum
659 3159 821 3227 philosophi,
838 3161 1003 3229 ,praesertim
1026 3158 1060 3210 de
1081 3156 1217 3211 Souratisu

92 3227 237 3298 disaiphnn,
245 3174 389 3289 docuinam
402 3227 434 3280 de
449 3226 550 3279 homine
564 3226 723 3295 propriaque
742 3229 795 3280 eins
809 3235 941 3281 naturast
955 3226 1107 3299 primigenia
1119 3224 1216 3290 indole,

92 3297 189 3351 deinde
201 3297 236 3356 de
246 3296 405 3350 naturalibus
419 3295 551 3347 societatis
570 3302 597 3346 st
613 3295 748 3348 civitatum
768 3294 904 3365 principiis
915 3297 1099 3359 excoluerants
1128 3311 1217 3348 eorum

92 3373 179 3420 autem
187 3405 205 3431 ,
213 3381 281 3435 quae
294 3366 344 3418 hae
361 3365 406 3418 via
418 3363 457 3417 illi
472 3362 624 3416 invenerant
635 3370 664 3416 st
676 3365 898 3433 excogitaverant,
916 3381 972 3417 arm
988 3363 1097 3433 plurima
1111 3361 1139 3417 in

91 3435 169 3499 thos,
186 3435 277 3508 quales
291 3434 325 3486 ab
339 3432 483 3494 Hellanico,
500 3431 653 3496 Herodoto,
671 3432 727 3486 aliis
742 3432 972 3496 describebantur,
991 3432 1089 3485 cadere
1101 3431 1184 3485 anima
1202 3460 1232 3485 ·.

91 3510 227 3557 renuent
239 3503 358 3557 rhetores
369 3499 587 3569 historiographi,
609 3500 686 3554 initia
703 3501 740 3554 ibi
761 3503 863 3573 genesis
884 3500 986 3554 humani
1003 3501 1141 3570 conspicua
1161 3517 1217 3555 esse

92 3577 265 3636 censueram,
282 3587 391 3640 umque
404 3577 506 3639 gentem
528 3574 556 3622 et
567 3570 708 3638 proximam
720 3588 806 3624 rernm
826 3570 906 3623 initiis
928 3576 956 3622 ot
971 3569 1079 3624 maxine
1090 3570 1216 3634 idoneam,

91 3640 118 3694 iu
132 3657 186 3710 qus
198 3641 304 3709 gennis
319 3638 424 3693 humani
436 3637 568 3691 historiam
581 3639 762 3694 exordirentar
775 3647 804 3692 et
817 3640 874 3692 veri
887 3639 975 3708 aliqua
991 3639 1095 3707 speeie,
1118 3656 1186 3709 quae
1201 3657 1217 3693 e

91 3709 255 3779 philosophia
276 3709 422 3780 petierunt,
447 3724 502 3759 oum
523 3712 608 3760 re‘rum
628 3717 759 3778 gestarum
777 3709 924 3769 narratione
949 3707 1141 3778 coniungerent.
1175 3708 1218 3762 Ita

91 3779 192 3833 nomn
206 3784 264 3842 est,
286 3783 468 3845 uttsmpornm
482 3793 585 3845 quoque
598 3778 666 3835 retia
680 3780 714 3832 ab
729 3778 768 3830 his
782 3777 953 3846 scriptoribus
965 3778 1068 3846 penitus
1081 3778 1217 3847 perverte-

91 3853 181 3910 retnrs
198 3847 246 3901 sed
258 3847 349 3917 quihus
361 3844 517 3916 potissimum
534 3845 681 3899 auctoribus
695 3847 759 3900 hnec
774 3847 881 3899 mutatio
901 3845 1043 3912 debeatur,
1069 3846 1160 3916 quihus
1177 3845 1233 3901 illi

92 3915 239 3970 ntionibus
253 3915 426 3985 antiquiorum
440 3931 540 3966 errores
553 3914 706 3968 convincere
722 3915 771 3969 sibi
785 3914 835 3967 risi
848 3912 962 3979 inerint,
986 3921 1014 3968 et
1028 3932 1096 3984 quae
1107 3921 1168 3968 sunt
1180 3916 1218 3968 si·
1276 3955 1278 3960 -

91 3985 178 4050 nilis,
195 3987 268 4040 anob
278 3986 403 4039 librorum
419 3983 553 4037 interitum
566 3983 723 4037 coniecturis
738 3985 909 4054 reliquuntur.
926 4010 963 4025 -
979 3984 1058 4047 Quae
1071 3984 1114 4037 hio
1128 3985 1217 4105 spitus
1236 3986 1241 3995 ¹

92 4054 243 4178 copientis,
271 4058 327 4111 eom
342 4054 412 4108 iuter
425 4053 548 4123 Phrygas
564 4057 593 4107 et
603 4052 747 4125 Aegyptios
758 4052 934 4108 intercessisse
947 4053 1095 4109 Euentus
1116 4053 1166 4121 (l,
1183 4051 1217 4119 2)

92 4141 122 4179 re
134 4129 185 4177 ert.
236 4148 242 4159 ,
311 4126 316 4131 '
463 4154 467 4161 ·
580 4144 586 4150 ·
