2624 4606
139 228 204 293 ιιι
399 174 1016 285 '2:1usr1n1·

156 378 277 440 bliorenr
291 372 354 439 sore
366 375 512 437 doloniine
523 394 654 435 uxorum·
689 374 722 435 ln
737 376 933 456 supplemento
944 396 1058 455 qnoque
1079 379 1193 439 militurn
1214 382 1267 440 rni-

180 484 233 525 nrrs
251 463 390 525 exhauriri
406 479 491 540 posse
507 460 719 537 Macedonium,
740 463 765 520 si
785 465 1069 541 veteranis-patribus
1088 465 1196 525 tirones
1214 467 1266 525 filii

155 551 375 620 ruminent,
394 546 538 606 militnton'
556 546 586 603 in
604 546 694 620 vallo,
714 548 814 624 inquo
836 553 931 606 essent
949 551 1025 622 nati,
1048 550 1267 610 constantiores·

178 654 239 712 que
254 635 359 706 futuri,
369 633 404 689 ‘si
414 650 473 690 nou
487 629 577 689 solum
590 632 735 705 tirocinia,
756 651 851 691 verum
865 639 895 691 et
907 633 1073 692 inumabula
1092 634 1123 691 iu
1135 635 1204 710 ipsis
1218 655 1267 695 na·

109 782 112 790 ,
155 720 244 778 'Istris
256 716 531 796 posuissent..··Qoae
545 718 718 775 consuetudo
730 717 758 775 iu
770 718 973 775 suecessoribus
986 737 1100 794 quoque
1113 718 1267 781 Alexandri

155 804 289 863 8mansit.
330 801 421 878 lgitor
439 807 469 860 et
488 799 617 861 alimenta
634 801 727 879 pueris
748 807 857 859 statuta
876 809 908 860 et
926 803 1111 861 instrumenta
1124 823 1265 865 armornm

178 906 369 964 equorumque
382 884 527 945 iuvenibus
542 886 624 956 dnta3
645 891 681 945 et·
689 887 817 963 patribus
836 888 889 964 pro
909 905 1025 946 nmnero
1044 888 1161 946 filiorum
1181 908 1280 966 prae-¹

154 974 234 1032 amia
248 978 370 1031 statum·
405 970 439 1029 Si
456 988 573 1046 quornm
592 970 696 1047 patrer
708 971 894 1044 occidissent,
915 971 1090 1031 nihilominus
1103 972 1201 1051 pupilli
1214 976 1265 1033 sti·

179 1059 284 1137 pendia
296 1054 579 1134 putrumtrahebant:
600 1073 717 1130 quornm
734 1056 856 1133 pueritia
874 1057 948 1115 inter
966 1057 1056 1115 varim
1071 1058 1264 1134 expeditiones

2 1112 21 1215 ,Ι
36 1160 39 1165 ·
56 1128 66 1135 ,.
137 1151 171 1203 10
178 1142 276 1202 militia
290 1148 360 1201 erat
400 1141 500 1217 Itoqoe
518 1139 663 1217 apnrvnlr
678 1145 775 1200 aetate
792 1140 931 1199 laboribus
945 1142 1128 1219 periculisque
1142 1142 1263 1203 indurati

178 1228 294 1287 invicto
315 1226 562 1286 exereitussoere:
588 1232 682 1301 ne'que
703 1231 794 1285 castre
811 1225 895 1284 ahter
919 1245 1004 1302 quarn
1024 1228 1142 1304 patrium
1168 1246 1263 1304 neque

137 1320 169 1373 11
178 1330 300 1391 pugnam
321 1311 397 1370 aliod
417 1328 550 1386 umquam
566 1327 651 1386 qorrn
671 1310 816 1371 victoriam
834 1311 951 1370 ‹lorete-
988 1312 1071 1372 Haeo
1084 1310 1194 1371 soboles
1211 1332 1263 1372 no·

140 1432 144 1437 ·
177 1395 516 1473 mentitumque.-
562 1422 567 1427 ·
879 1438 883 1447 ·
1070 1432 1073 1437 ·
1169 1402 1172 1407 '
1233 1438 1237 1447 ι

138 1487 172 1539 12
260 1482 370 1541 Parthis
389 1481 493 1539 deinde
518 1479 655 1552 domitis,
680 1483 837 1558 praesertin
852 1481 1051 1540 his-statuitur
1069 1501 1104 1541 er
1122 1482 1261 1544 nobilibus

177 1566 537 1645 Persarumhurlmgoras3
564 1566 752 1646 indeposben
765 1567 901 1644 originem
918 1568 1091 1627 Parthorum
1110 1588 1192 1646 reges
1211 1569 1261 1629 he·

178 1653 272 1712 buere.

154 1744 169 1796 1
265 1736 301 1795 V.
328 1736 439 1795 interes
452 1733 616 1794 :Alexander
634 1754 691 1793 non
709 1738 815 1813 regin,·
836 1737 888 1797 sed
907 1734 1001 1795 hostili
1022 1736 1088 1796 odio
1107 1739 1213 1798 saevire
1232 1742 1261 1798 in

151 1826 243 1880 isoes
258 1822 360 1899 eoepit.
401 1821 524 1879 Maxime
537 1821 735 1897 indignabatur
746 1823 823 1900 ourpi
836 1841 869 1882 re
880 1824 1052 1881 sermonibus
1070 1843 1182 1883 suorum
1195 1824 1261 1882 Phi-

151 1905 246 1984 3lippi
271 1905 361 1984 patris
382 1906 545 1985 patriaeque
569 1926 662 1965 mores
689 1906 867 1967 subvertisse.
890 1905 1029 1985 .·l'ropter
1048 1926 1122 1983 qnae
1148 1910 1261 1969 erimina
1300 1954 1303 1958 -

177 1992 324 2052 Parmeno
340 2009 454 2069 quoqne
468 2008 570 2065 senex,
591 1991 730 2068 dignitate
741 1993 803 2069 regi
816 1991 975 2072 proximos,
996 2010 1058 2051 enm
1072 1992 1181 2053 Philota
1192 1995 1259 2068 filio,

60 2178 63 2182 ’
133 2175 273 2229 Prudentis
289 2174 445 2229 Florentinis
462 2180 492 2230 et
508 2174 605 2231 ovidio
622 2176 741 2246 [Metam.
759 2176 840 2240 Vlll,
857 2177 925 2240 500,
935 2175 984 2228 ubl
1001 2192 1027 2229 v.
1046 2175 1134 2230 laudd.
1150 2177 1178 2230 in
1191 2192 1260 2230 nors

134 2245 177 2298 ed.
193 2245 311 2314 Gierig.]
329 2251 357 2299 et
371 2247 461 2299 mdom
479 2263 527 2316 pro
552 2248 651 2300 radium
669 2246 740 2314 apud
757 2245 815 2301 ein
843 2244 903 2315 [pro
919 2246 993 2301 Sext.
1008 2248 1055 2313 ΞΟ]
1088 2254 1117 2301 nt
1132 2247 1259 2303 Priscian.

133 2314 194 2373 vni
211 2315 249 2385 [p.
264 2313 319 2371 ³44
335 2317 384 2369 Kr.
403 2323 431 2369 et
449 2315 572 2369 consent.
591 2332 618 2383 p.
633 2318 703 2371 2039
721 2315 810 2381 Po.]“
837 2315 881 2387 Οἳ.
898 2315 1031 2381 Gronov.¹
1087 2338 1090 2343 ·

200 2388 216 2450 §
234 2386 259 2440 7.
294 2387 322 2438 in
339 2386 537 2453 successoribus]
556 2388 570 2440 1
587 2384 670 2467 lbong.
689 2388 717 2437 et
733 2382 840 2437 dimidia
857 2383 914 2437 iere
931 2382 992 2455 pars
1009 2384 1143 2439 Groneia
1160 2386 1189 2439 in
1201 2401 1258 2438 rno-

33 2428 41 2449 ⁵
61 2484 64 2489 -
132 2470 261 2517 nerroresr
286 2453 333 2507 sed
348 2471 374 2508 v.
392 2454 534 2522 Wopkens.

201 2524 260 2588 58.
292 2524 382 2592 pneris
398 2523 516 2590 statuta]
546 2522 592 2574 Sic
610 2539 695 2576 omnes
720 2521 755 2575 ad
779 2539 856 2574 ouum
881 2520 957 2576 o‘odd.
977 2528 1083 2592 praeter
1099 2519 1156 2574 coll.
1175 2519 1211 2573 N.
1231 2529 1258 2573 et

132 2594 214 2646 Dorv.
234 2592 263 2655 1,
282 2591 374 2660 quibos
391 2591 541 2643 auctoribus
558 2592 674 2644 Gronov.
692 2609 749 2646 voc.
766 2599 870 2643 statuta
887 2590 1001 2658 delevit,
1020 2593 1054 2645 ob
1066 2587 1255 2660 repetitionem,

132 2677 201 2730 qnae
222 2658 330 2729 primum
353 2654 522 2728 displler'rerat
543 2661 689 2713 Burmanno
712 2659 748 2713 ad
764 2660 825 2714 Vrl.
843 2661 931 2713 Floro.
948 2660 991 2725 lt,
1015 2658 1075 2717 48⁸.
1109 2657 1254 2710 Ridiculum

132 2735 173 2782 est
188 2728 291 2782 narrari
314 2729 440 2782 alimento
460 2731 549 2799 porris
571 2731 638 2785 dara
661 2747 732 2792 esser
758 2729 805 2782 sed
821 2732 925 2785 stntota
942 2736 1019 2795 sont,
1044 2745 1112 2801 qnae
1126 2726 1210 2797 robur¹
1222 2725 1254 2778 iis

150 2802 287 2852 arerent.
367 2834 370 2839 -
394 2810 397 2815 '
429 2832 434 2837 -
465 2832 468 2837 -
838 2822 842 2831 ·
1047 2822 1051 2831 ·

131 2814 150 2867 P
200 2868 277 2933 510.
313 2867 442 2920 laboribus
456 2866 646 2936 peribolirqne]
671 2864 718 2919 sto
742 2865 859 2937 plerique
882 2868 1018 2931 Gronov„
1041 2866 1142 2931 Goth,
1162 2865 1256 2927 Gran3

131 2935 177 2990 red
193 2941 313 2990 vetustae
329 2936 389 2988 edd.
406 2941 435 2989 et
447 2936 533 3004 -Bong.
550 2936 605 2988 sinn
621 2954 647 2992 v.
661 2935 677 2988 l.
696 2942 724 2988 et
736 2936 833 3005 Proque
850 2938 972 3005 perirnlis
986 2938 1173 3003 inliniturque,
1185 2933 1256 3003 qood

130 3003 194 3059 mihi
208 3005 313 3076 quiden
325 3022 418 3059 ¹vorum
437 3022 493 3059 ersa
508 3004 614 3058 videtur
630 3014 658 3058 et
681 3004 785 3073 oprimis
810 3006 861 3058 illis
878 3004 950 3057 tibiis
971 3004 1056 3072 Bong.
1075 3004 1179 3070 dignum
1196 3010 1256 3063 estr

130 3090 188 3128 nam
204 3076 323 3145 pericula
337 3075 439 3127 rariore
457 3082 484 3128 et
500 3073 528 3125 iu
544 3081 644 3144 tompus
661 3080 774 3139 tantum,
805 3074 851 3127 md
869 3075 971 3127 laborer
992 3071 1019 3123 in
1045 3070 1112 3124 bello
1129 3068 1254 3133 ooutiuoi,

130 3144 175 3196 rix
191 3160 302 3228 unquam
313 3143 472 3209 intermissi3
489 3158 570 3213 quare
584 3144 713 3197 laboribus
730 3160 779 3213 pro
795 3140 918 3212 graviore
933 3156 999 3195 rone
1011 3140 1131 3193 habende
1146 3139 1255 3192 alteram

130 3218 502 3353 rectesquprtuppmgm]
532 3280 635 3334 Arriae.
660 3297 717 3350 erp.
741 3280 799 3346 Ill,
821 3282 873 3335 fiir
902 3272 1059 3346 Σατράπην
1076 3271 1108 3330 di
1125 3269 1254 3341 ιῖπὲδειξὲ

129 3351 356 3473 goeqboalov
378 3349 429 3404 not
449 3345 602 3419 Ὑρκανίων
624 3345 847 3418 Ἀμμινάπην
864 3348 1044 3419 Παρθυαῖοι).
1062 3375 1100 3386 -
1122 3347 1253 3412 aGron„

82 3456 85 3460 -
153 3438 182 3474 rr
204 3438 226 3473 .=
244 3423 337 3474 Andre
358 3436 416 3472 oro.
536 3462 539 3467 .
785 3458 788 3463 .
839 3446 842 3451 ·
1227 3456 1230 3463 .

184 3438 274 3557 ginde]
292 3438 574 3559 SiogBong.·‚-Goth.;
592 3505 658 3541 unos
674 3493 774 3542 tuntum
791 3487 890 3557 Bong„
908 3485 1002 3551 Gran,
1019 3485 1101 3554 Prrg.
1119 3500 1176 3538 eun
1191 3485 1253 3538 edd

129 3565 211 3612 retas
227 3560 312 3623 orde,
330 3565 359 3611 ut
376 3561 455 3626 volgo
472 3558 578 3625 legitor.
596 3586 632 3598 —·
649 3557 717 3612 Vide
732 3556 794 3611 loir.
811 3556 845 3609 ad
862 3555 941 3622 libi,
958 3554 993 3611 4.·

198 3627 230 3680 C.
248 3628 280 3679 V.
300 3632 316 3693 ἓ
336 3630 360 3682 1.
395 3644 478 3680 none
511 3629 554 3690 io,
579 3627 625 3678 red
643 3627 731 3682 hostili
747 3626 825 3696 odio]
856 3626 932 3680 Hane
950 3623 1025 3681 oodd.
1043 3622 1252 3696 preneomnium

129 3704 158 3750 st
173 3694 249 3749 Viuo.
266 3697 369 3750 Bellon
385 3699 422 3762 Vq
434 3696 497 3750 nt
540 3697 678 3749 lectionem
703 3694 811 3750 retineri
834 3712 910 3766 posse
931 3703 1013 3769 potor
1044 3696 1148 3765 regiain
1165 3695 1253 3746 odium

128 3770 169 3820 est
185 3766 297 3836 superbe
308 3766 358 3819 'ille
373 3766 557 3836 importunitas
575 3772 603 3818 et
618 3766 751 3819 molestum
768 3764 908 3831 fastidium,
923 3783 976 3836 quo
992 3764 1122 3819 sobtoorn
1136 3769 1253 3815 tractent

127 3852 204 3903 roges
229 3834 406 3903 (vid-laudi.
424 3835 560 3888 Ruhnken.
578 3835 612 3888 ad
630 3836 740 3889 Terent.
764 3834 863 3904 Heeyr.
880 3836 910 3900 l,
927 3839 962 3898 2,
978 3832 1022 3890 48.
1040 3850 1100 3902 paq.
1117 3831 1169 3886 215
1186 3830 1252 3898 alls

127 3907 174 3958 sed
197 3904 223 3959 iu
249 3904 397 3958 Alexandro
421 3907 471 3958 hoo
487 3907 576 3958 odium
598 3904 626 3956 in
644 3904 738 3956 hostile
755 3905 842 3956 odiorn
865 3905 1047 3976 amplificatum
1070 3906 1116 3954 ert.
1152 3899 1251 3967 Volgo:

127 4002 163 4015 -
176 3973 265 4027 bortili
281 3992 366 4040 more,
384 3980 414 4028 ot
430 3975 572 4044 auglorum
590 3973 647 4027 nod.
665 3973 721 4033 w„
736 3970 903 4040 aennon,
921 3974 1003 4028 Goth.
1038 3970 1089 4025 mr.
1106 3968 1180 4025 Rem.
1194 3985 1252 4021 eom

126 4040 244 4099 2Dorv.
263 4050 290 4095 et
307 4042 399 4099 Graes
416 4061 469 4096 non
484 4045 561 4114 regio
578 4058 667 4105 more,
684 4040 731 4092 red
746 4038 774 4092 h.
790 4041 861 4092 odio.
1086 4064 1089 4069 ·

194 4110 254 4180 §d
290 4110 442 4182 Parmenio]
457 4111 504 4167 flio
519 4111 604 4166 nolent
619 4107 746 4174 Romani,
760 4124 788 4164 r.
806 4106 894 4165 vore,
912 4115 941 4165 et
957 4111 1073 4165 Gronbr.
1097 4123 1125 4180 p.
1141 4107 1193 4163 est
1211 4123 1252 4176 sq.
