2624 4606
102 222 146 289 Μ
458 211 864 277 iUSTiNl

145 374 272 439 edditum
286 372 449 445 orbitatem,
469 374 688 443 mmmmm,
708 367 835 446 tneque
851 384 935 438 suos,
956 366 1153 433 submonentes
1168 371 1232 449 pri-

120 465 206 535 tmo,
226 476 292 521 mox
305 458 390 517 etiem
405 456 554 517 micantes
568 452 658 527 beiie,
680 453 844 523 defenduut
885 449 1020 519 Nubendi
1032 472 1151 533 quoque
1167 456 1232 523 fici·

145 545 221 609 timis
239 544 361 603 murum
379 541 512 613 ominem,
541 537 718 613 servitutem,
744 556 804 599 nou
821 536 1239 618 matrimoniumoppeiisntes:

121 627 294 705 estundere
312 627 433 685 omium
452 622 624 684 moesiorum
647 622 802 701 exemplum
821 639 922 695 surse,
951 622 1151 700 rempublicam
1170 627 1233 689 eine
1291 688 1296 703 ,

121 714 227 786 iviris,
253 712 307 771 iem
325 711 411 771 etism
430 729 494 773 cum
511 711 654 771 contemtu
673 708 793 767 virorum
811 711 933 767 tuentur.
975 705 1017 765 Et
1037 726 1073 767 ne
1094 706 1236 779 feliciores

145 797 218 861 uiisc
244 795 305 857 siiis
329 795 507 866 riderentur,
530 793 620 866 viros,
648 793 697 869 qui
721 793 799 853 domi
818 796 1025 864 remanserunt,
1051 793 1230 865 interficiunt.

121 881 289 942 tuitionem
304 896 567 957 quoquecaesorum
579 877 728 955 coniugum
745 876 850 939 excidio
861 876 1040 937 finitimonmr
1056 896 1232 956 consequeus

120 972 201 1027 itur.
244 964 272 1024 T
274 984 320 1023 um
330 962 404 1042 ‘pecc
416 965 502 1023 ermis
514 962 660 1039 quaesite,
680 980 719 1021 me
733 980 821 1038 genus
833 961 974 1037 interiret,
995 962 1154 1023 concubitus
1167 964 1230 1027 fisi.

106 1052 277 1111 turinorum
292 1050 399 1108 ineunt.
440 1047 473 1104 Si
490 1048 539 1123 qui
559 1065 648 1107 meres
667 1051 862 1119 nascerentur,
883 1046 1094 1117 interficiebant
1136 1048 1230 1126 Virgi-

105 1142 136 1197 11
146 1154 197 1195 nes
211 1137 242 1193 in
260 1133 388 1193 eumdem
409 1133 476 1211 ipsis
495 1149 616 1204 morem,
636 1151 694 1190 nou
715 1132 774 1190 otio
793 1149 886 1207 neque
903 1129 1039 1203 lanificio,
1069 1133 1121 1193 red
1133 1136 1230 1210 umis,
1291 1146 1298 1157 ¹

137 1221 242 1298 equis,
262 1217 452 1277 venationibus
466 1215 647 1288 exercebunt,
669 1216 767 1275 inustis
779 1215 916 1275 infantum
928 1216 1128 1277 dexterioribus
1140 1238 1230 1283 mem-

107 1309 140 1361 12
147 1305 216 1376 mis,
236 1322 274 1362 ne
285 1303 450 1378 sagittarum
463 1301 550 1359 iectrrs
564 1301 742 1378 impediatur:
764 1301 839 1359 unde
851 1299 996 1367 Amazones
1013 1301 1113 1361 dictae.
1146 1303 1230 1365 Duce

146 1388 189 1446 his
201 1388 315 1464 reginae
325 1388 417 1458 tuere,
438 1383 580 1464 Marpesia
592 1390 623 1444 ei
632 1383 794 1462 Lcmpedo:
815 1403 887 1460 quae
905 1384 935 1442 in
950 1385 1018 1445 dues
1034 1391 1127 1462 partes
1139 1390 1230 1465 agmi-

149 1491 186 1533 ne
200 1473 302 1542 diviso,
326 1469 446 1545 inclytae
457 1470 512 1529 ism
524 1469 638 1548 opibus,
659 1469 763 1531 uicibus
775 1468 911 1545 gerebant
923 1468 1010 1542 belis,
1031 1469 1083 1529 soii
1096 1474 1231 1535 terminos

109 1562 142 1619 13
149 1556 260 1615 alternis
272 1555 472 1626 defendentes3
494 1559 537 1628 et,
559 1572 596 1613 ne
615 1554 783 1613 successibus
803 1554 914 1614 deesset
930 1552 1097 1627 auctoritas,
1117 1554 1237 1633 genitus

108 1641 180 1716 lise
191 1639 283 1699 Marte
294 1639 502 1718 praedicebant.
544 1638 642 1717 itaque
656 1639 760 1699 mamre
772 1643 854 1718 purte
865 1636 995 1717 Europae
1013 1639 1129 1701 subscie
1144 1639 1228 1703 Asiae

174 1809 192 1872 S
206 1808 232 1861 6.
249 1810 390 1875 exemplum
405 1822 501 1871 cruce,
519 1822 599 1875 remp.
616 1804 760 1926 cett.]ISic
773 1804 850 1875 piene
863 1821 948 1859 omnes
962 1802 1095 1875 Modum)
1111 1808 1226 1875 stMed..

107 1880 138 1929 ut
160 1875 306 1928 coniecerat
323 1876 344 1931 I.
364 1875 409 1931 Fr.
431 1874 578 1928 Gronovius
597 1875 672 1929 Obss.
707 1874 739 1938 V,
760 1872 809 1936 143
836 1872 924 1927 eodem
945 1873 1018 1927 ducit
1042 1874 1178 1947 Bongersii
1199 1885 1226 1931 et

107 1942 184 1999 codd.
204 1944 355 2008 multorum,
389 1944 465 1997 etism
487 1944 563 1997 Grec.
587 1948 613 1996 et
633 1942 714 1997 Goth.
738 1942 830 1995 lectio:
862 1944 1002 2010 cronopium
1028 1962 1124 1998 curem
1144 1962 1224 2015 remp.

107 2010 171 2065 Non
184 2013 275 2082 penei,
299 2015 377 2066 etism
395 2012 605 2082 siiquotiiong.=
630 2028 710 2081 cgere
724 2011 857 2083 inferente
882 2010 955 2063 multi
976 2029 1080 2080 queque
1100 2015 1224 2083 corrupti

107 2080 139 2133 Iu
153 2098 227 2151 seqq.
238 2083 316 2151 vuigo
331 2100 358 2136 rc
368 2090 489 2145 tumtur,
504 2081 583 2144 dures
605 2081 651 2135 sed
666 2096 804 2150 pronomen
823 2081 896 2133 obest
914 2096 930 2132 e
948 2081 1023 2135 codd.
1038 2082 1132 2151 Bcug..
1154 2082 1225 2139 Fre-

107 2166 195 2216 necq.‚
212 2150 294 2206 Dore.
308 2153 333 2214 1,
365 2150 438 2205 Leid.
453 2152 481 2212 2.
505 2149 603 2219 Magi,
623 2149 715 2210 Creo..
740 2149 838 2218 Preg.‚
861 2148 956 2204 (ihren.
976 2166 1033 2218 reg.
1046 2150 1246 2218 Penteleonisr·

107 2216 256 2286 depravatis
274 2219 375 2287 quidem
389 2218 560 2287 superioribus
570 2218 661 2271 inferri
675 2218 795 2273 debebat.
1064 2238 1070 2247 ·

177 2288 231 2350 57.
249 2288 318 2341 circs
331 2287 507 2355 interficiunt]
532 2287 617 2353 „inde
628 2286 754 2356 Scythice
771 2283 936 2355 Οἰορπατὰ,
954 2286 1004 2342 hoc
1021 2292 1060 2342 est
1073 2283 1226 2358 ἀνδροκτό-

55 2362 68 2381 “
108 2355 265 2420 rocvocsti3
278 2356 375 2413 Herod.
392 2357 440 2421 IV,
460 2359 538 2411 110.“
554 2357 641 2427 Bong.

175 2426 236 2488 59.
262 2425 422 2494 concubitus]
437 2454 439 2459 ·
454 2425 499 2477 Sic
517 2426 619 2480 Oxonu.
647 2442 663 2479 e
684 2423 767 2477 tribus
789 2427 817 2475 et
838 2425 872 2479 10
893 2423 955 2482 Mss.
974 2425 1119 2491 'timuerim
1149 2444 1175 2499 q.
1198 2447 1223 2482 v.

107 2507 133 2563 p.
146 2493 207 2553 789.
224 2493 381 2562 eddePrsg.
416 2493 517 2575 Vulgo:
534 2494 700 2548 concubitum.
1074 2499 1077 2505 “

118 2566 122 2571 ”
176 2564 193 2625 S
207 2563 248 2616 11.
265 2560 439 2628 impediatur]
457 2561 503 2612 Suc
516 2561 590 2616 codd.
600 2561 694 2628 Bong„
716 2562 749 2615 10
764 2559 892 2613 Gronovii
906 2565 933 2615 ei
945 2562 996 2616 Pre
1018 2601 1025 2615 .
1048 2564 1225 2635 impediuntur

106 2628 184 2683 crac.
198 2633 225 2681 et
235 2629 316 2680 Getis
329 2629 398 2697 quod
413 2629 504 2682 vitium
513 2629 709 2698 relinquendum
721 2628 819 2683 Iustino
832 2629 958 2695 existimo,
977 2581 1016 2688 ci
1027 2632 1061 2686 ed
1075 2650 1099 2686 c.
1112 2635 1169 2703 715
1183 2636 1224 2690 11.

106 2703 133 2751 et
148 2696 210 2749 aiios
223 2696 332 2749 suiiinde
343 2697 419 2751 iocos.
454 2696 484 2750 in
501 2697 591 2768 vuigg.
607 2698 665 2753 edd.
682 2698 805 2752 eiusmodi
819 2698 1018 2770 depravationes
1031 2702 1151 2763 sermonis
1166 2720 1224 2759 ccr-

106 2764 221 2819 rectione
235 2762 350 2819 sublatae
364 2774 430 2822 sunt.
464 2766 568 2836 Vulgo:
592 2767 787 2836 impedirentur.

175 2834 279 2902 dictae]
290 2833 345 2888 ‘Sic
360 2837 376 2889 7
392 2834 466 2891 codd.
479 2837 576 2900 Grsn„
600 2835 629 2889 in
666 2835 739 2890 uibus
758 2834 865 2905 optimi,
886 2838 899 2893 1
915 2836 970 2891 Bon
992 2876 1017 2903 .‚
1034 2838 1175 2913 Frecuiph.
1198 2846 1226 2896 et
1264 2836 1270 2843 ’

107 2902 183 2958 Oros.
219 2902 320 2970 Vulgo:
338 2904 503 2960 diciderunt.
538 2905 630 2968 Goth..
648 2908 670 2957 i.
686 2922 733 2968 nc,
750 2904 802 2958 Pru
822 2925 846 2958 ,ε
875 2908 947 2960 Unde
981 2910 1121 2967 ictacAm.
1219 2926 1223 2931 ·

175 2973 247 3037 512.
265 2973 419 3041 Marpesia]
444 2973 490 3029 Sic
507 2972 582 3029 codd.
601 2974 645 3029 Fr.
661 2972 776 3026 Febricii
798 2923 847 3043 fed
860 2974 936 3029 Oros.
954 2974 976 3040 i,
995 2977 1037 3041 15,
1055 2978 1112 3046 9.),
1131 2978 1225 3044 (irae,

106 3041 192 3109 Oros..
211 3039 339 3104 Iornend,
356 3040 504 3112 Frecuiph„
523 3042 665 3095 Gobeiinus
679 3043 802 3096 Persona.
826 3043 910 3099 codd.
924 3044 1025 3113 plurimi
1036 3051 1063 3098 et
1076 3047 1172 3099 chrono
1206 3067 1223 3102 ‚s

106 3110 367 3247 Mprtipgsrpffluod
385 3127 475 3165 nomen
496 3109 523 3163 in
545 3110 659 3166 Graecis
678 3110 732 3165 sine
754 3113 871 3183 exemplo
891 3118 938 3168 esc
972 3112 1034 3167 Nou
1053 3118 1092 3169 est
1114 3112 1163 3167 Dio
1183 3115 1224 3177 ori

220 3220 227 3235 .
294 3196 312 3231 α
371 3217 378 3230 .

106 3180 133 3248 (¹
159 3195 428 3317 ’comprovinciam
444 3247 545 3319 plurimi
558 3251 586 3303 et
601 3247 706 3320 optimi,
731 3244 808 3302 etiem
819 3246 846 3300 in
858 3246 966 3313 Oresio,
985 3252 1012 3302 et
1022 3248 1165 3319 iornsudes
1179 3248 1223 3304 vi-
1284 3296 1289 3302 .

33 3323 36 3327 '
105 3317 185 3370 tiose=
207 3319 342 3386 [rampeio.
377 3317 416 3371 Ut
435 3335 480 3369 nos
499 3317 624 3372 edidimus
640 3322 746 3388 praeter
767 3316 817 3371 scri
838 3320 906 3369 tores
927 3314 1037 3384 sigilium
1055 3323 1131 3371 vetus
1151 3319 1223 3390 apud

105 3385 299 3440 Petr.Petitum
314 3388 347 3439 dc
359 3388 510 3441 Amazonii.
524 3403 549 3455 p.
563 3389 630 3441 218:
649 3386 811 3439 ΛΑΜΠΕΔ
854 3384 1057 3437 ΒΑΣΙΛΙΣΣΑ
1074 3388 1160 3440 AMA.

175 3455 241 3521 soii]
258 3455 304 3508 Sic
317 3454 398 3519 Med,
416 3455 490 3509 Leid.
504 3457 536 3518 2,
554 3454 605 3506 Pro
627 3492 643 3518 .‚
662 3455 772 3519 coii.N.‚
790 3453 857 3524 quod
869 3451 1058 3508 Freinshemius
1073 3456 1223 3514 coniectura

107 3528 236 3575 essecutus
249 3524 350 3587 iuere13
368 3525 493 3591 Bongers.
509 3530 536 3575 et
549 3521 665 3591 piummic
684 3525 773 3586 soicc,·
790 3519 917 3584 nonnulii,
941 3527 971 3575 ut
984 3524 1076 3593 Goth„
1094 3528 1223 3583 solicitat.

176 3592 245 3655 513.
264 3594 370 3662 genitus
381 3610 407 3645 sc
419 3591 523 3658 Marte]
551 3591 584 3658 (c
599 3592 687 3645 Morte
704 3593 721 3646 3
737 3591 827 3655 nore..
851 3588 936 3655 Grac,
953 3592 1049 3663 Gotiu)
1073 3592 1118 3648 Sic
1131 3613 1223 3649 neme-

106 3666 182 3711 verst
195 3658 358 3728 Pherecydes
371 3660 436 3723 libro
451 3659 485 3715 ii.
499 3677 525 3730 p.
535 3662 578 3716 86.
595 3660 682 3731 δωη.
707 3660 750 3715 cf.
767 3658 854 3713 lsudd.
874 3658 945 3729 apud
959 3662 1064 3731 Menti.
1077 3664 1111 3717 sd
1125 3664 1222 3734 Hygin.

106 3727 160 3781 inb.
172 3727 214 3779 30.
229 3744 254 3794 p.
268 3730 310 3782 87.
327 3758 362 3768 -
379 3729 507 3782 Diodorus
523 3728 555 3781 de
575 3728 623 3781 imc
642 3726 807 3798 expeditione
831 3726 880 3795 (Π,
898 3725 970 3797 46.)=
994 3729 1222 3800 „crpuredouour

106 3790 137 3848 di
159 3793 286 3861 (reginem
310 3797 479 3865 Amazonum)
498 3796 537 3858 εἰς
553 3794 606 3865 τὴν
627 3793 716 3864 rre'pur
738 3797 789 3850 τοῦ
812 3791 953 3871 Τανάϊδος
978 3800 1108 3867 rursusi
1128 3796 1222 3876 χώραν

105 3863 332 3929 καταπολεμῆσαι
344 3861 485 3918 πάντατὰ
499 3862 571 3934 ἔθνη
583 3863 619 3917 coi
632 3865 731 3933 cereri
757 3861 859 3933 μέχρι
882 3864 945 3934 irie
966 3864 1126 3939 Oppium?
1152 3863 1220 3927 cirm-

105 3925 257 3998 usippuour
271 3927 301 3985 cii
314 3929 383 3997 perci
396 3935 506 3987 πολλῶν
525 3929 659 4002 λαφύρων
675 3883 714 3993 eli
726 3930 779 4000 τὴν
795 3932 1008 4003 cirsioer,⁴‘,cett.
1036 3934 1160 3991 conferri
1173 3936 1221 3990 de·

105 4000 168 4053 bent
185 3999 263 4052 etism
283 4000 436 4067 Hiycumm
458 4006 619 4071 dmermurm
641 4000 815 4071 expeditiones
835 4004 867 4058 eb
887 4004 979 4069 ¹eodem
992 3998 1066 4072 (111.
1089 4002 1126 4061 54
1147 4005 1219 4077 sqq.)

106 4074 246 4135 nemetae,
268 4069 456 4138 querum'rstio
472 4060 500 4125 hJ
513 4072 530 4126 i.
544 4068 667 4143 explicari
678 4074 836 4141 uon'potert.
