2624 4606
215 244 230 346 ᾗ
343 216 537 329 nissen.
563 264 652 328 cru.
673 264 723 327 ru.
754 264 851 326 cur.
875 256 955 334 ns.
1164 271 1230 343 ne

101 418 267 500 impelleret.
300 417 371 477 Erat
381 417 525 479 bic-anuos
538 420 637 497 viginti
652 424 749 480 natus:
770 420 798 478 in
814 439 870 497 qua
883 427 975 481 aetate
986 422 1026 480 ita
1037 421 1209 482 moderate9

102 507 141 567 de
152 524 185 565 se
196 503 285 564 multa
302 502 440 581 pollicitus
456 511 515 577 est,
535 511 568 563 ut
587 514 736 586 appareret
755 506 837 584 plura
853 526 916 566 eum
932 509 1125 584 experimentis
1139 527 1184 567 re-

102 609 222 653 servare.
264 586 464 647 Macedonibus
485 590 685 651 immunitatem
704 597 863 650 cunctarum
882 611 973 650 rerum
987 599 1099 670 praeter
1113 592 1181 651 ruili-
1193 599 1226 652 10

102 678 160 736 tiae
171 674 345 735 mencionem
363 673 457 732 dedit:
479 692 536 751 quo
547 676 620 733 sacto
634 680 742 739 tantum
755 676 808 733 sibi
821 678 945 735 favorem
956 679 1077 741 omnium
1090 679 1183 737 couci·
1231 708 1233 713 v

61 814 64 818 .
102 761 200 833 liavit,
220 764 252 818 ut
263 778 363 837 corpus
381 758 516 833 hominis,
537 779 596 817 non
607 761 736 819 virtutem
750 762 825 836 regis
838 767 965 826 mutasse,
975 781 1006 822 se
1021 763 1152 822 dicerent.
1283 834 1286 843 ¹

187 844 224 905 Il.
253 843 346 902 Prima
364 842 405 900 illi
423 863 488 902 cura
510 851 687 922 paternarum
715 846 908 921 exsequiarum
935 848 1008 920 suit,⁴
1033 848 1063 905 in
1083 849 1206 925 quibus1

80 937 170 1011 ,aute
187 929 280 990 omnia
304 929 397 988 caedis
417 930 542 988 conscios
562 931 600 987 ad
618 929 751 989 tumulum
773 931 861 1009 patris
885 931 973 990 occidi
992 932 1081 991 iussit.
1124 933 1210 993 Solia
1232 945 1234 949 '

101 1010 260 1077 Alexandro
276 1012 484 1091 Lyncistarum,
506 1017 600 1088 fratri,
626 1017 767 1095 pepercit,
797 1034 909 1074 servans
931 1017 960 1075 in
979 1037 1013 1076 eo
1032 1019 1185 1096 auspicium
1231 1067 1235 1079 .

101 1101 249 1180 dignitatis
267 1118 349 1161 snae:
371 1118 436 1159 nam
450 1120 545 1176 regem
560 1121 623 1160 eum
636 1103 741 1180 primus
753 1099 927 1161 salutaverat.
959 1101 1102 1161 Aemulum
1115 1109 1211 1179 quo-s

102 1206 160 1265 qne
182 1184 305 1266 imperii,
328 1184 494 1258 Caranum,
522 1189 636 1246 tratrem
658 1205 693 1246 ex
713 1205 832 1246 noverca
859 1193 1042 1265 susceptum,
1062 1181 1186 1248 'interfici

102 1271 216 1332 curavit.
257 1271 334 1329 luter
348 1269 425 1328 ἰιιίὶίν
439 1270 539 1329 multas
554 1278 654 1347 gentes
673 1271 838 1330 rebellantes
858 1274 1045 1348 compescuit3
1067 1273 1186 1333 orientes
1193 1274 1219 1332 4·

101 1356 249 1417 nonnullos
270 1355 421 1414 seditiones
442 1358 578 1415 exstinxit.
634 1357 741 1424 Quibus
761 1357 844 1415 rebus
864 1361 971 1416 erectus
992 1352 1077 1416 ¹citato
1097 1360 1211 1434 gradu5

102 1444 134 1502 in
147 1441 293 1502 Graeciam
308 1441 468 1499 contendit:
490 1442 536 1500 ubi
548 1442 672 1520 exemplo
688 1443 776 1519 patris
797 1441 960 1501 Corinthum
979 1445 1099 1503 evocatis
1120 1443 1187 1503 ciri-

101 1528 208 1587 tatibns
226 1527 284 1585 dux
297 1525 326 1583 in
344 1524 436 1584 locum
456 1527 513 1584 eius
532 1527 713 1586 substituitur.
763 1525 926 1584 Inchoatum
946 1528 1049 1588 deinde
1070 1547 1087 1587 a
1105 1519 1210 1606 patrati

101 1612 246 1673 Persicum
258 1609 358 1669 bellum
379 1612 557 1686 adgreditur:
579 1613 608 1669 in
628 1613 704 1670 cuius
724 1616 863 1689 apparatu
887 1621 1021 1692 occupato
1040 1615 1211 1673 nuntiaturi
1286 1609 1288 1613 ’

26 1707 29 1711 ’
101 1697 273 1758 Athenienses
291 1700 317 1754 et
339 1694 550 1756 Thebanos*
578 1697 613 1757 ob
630 1717 660 1757 eo
682 1695 720 1758 nd
740 1694 838 1757 Persas
858 1695 985 1776 defecisse
1004 1704 1187 1779 auctoremque

168 1821 184 1854 ¹⁸
207 1814 507 1876 Lacedaemonios

103 2032 248 2092 metumque
264 2023 395 2090 impellere
417 2023 526 2076 animos.
560 2022 648 2093 Saepe
664 2041 723 2093 spes
739 2024 875 2089 absolute,
901 2028 929 2077 ut
948 2023 1060 2079 caesar:
1085 2023 1162 2077 buius
1178 2024 1229 2077 ad·

104 2101 184 2147 uentu
201 2109 246 2161 sps
262 2093 342 2145 illata
358 2093 483 2144 militibus
500 2097 563 2145 cett.

78 2182 81 2187 ·
173 2165 190 2227 ς
210 2166 251 2215 10.
281 2164 404 2226 sanorem
423 2162 535 2213 omnium
553 2161 634 2228 eona]
651 2160 696 2214 Sic
713 2178 763 2213 uon
780 2161 859 2214 solum
877 2179 963 2214 omues
981 2159 1075 2226 codd,
1094 2161 1140 2214 sed
1152 2160 1229 2213 Vino.

11 2285 14 2289 .
105 2231 183 2284 etiam
201 2231 300 2283 Bellus.
317 2231 350 2292 V,
367 2231 410 2284 23.
446 2230 488 2281 Ex
512 2247 563 2282 uno
588 2239 674 2282 tamen
692 2231 762 2283 llled.
781 2239 808 2282 et
825 2231 866 2282 ed.
885 2231 958 2282 Rom.
985 2231 1134 2283 Gronovius
1151 2237 1231 2298 re'po·

104 2300 170 2423 pult:
186 2308 291 2354 tuntum
307 2300 356 2352 sibi
367 2297 474 2366 favoris
491 2301 565 2369 apud
582 2315 668 2353 omnes
685 2299 850 2364 rendliovit,
873 2300 943 2368 quod
960 2299 1081 2369 exemplis
1100 2299 1178 2352 etiam
1196 2298 1230 2353 il·

94 2374 207 2424 nstrat.

175 2439 209 2492 G.
224 2438 257 2493 ΙΙ.
287 2438 346 2504 52.
380 2439 532 2491 Aleenndro
558 2439 827 2508 [ystriensem-Sic
853 2439 879 2491 lr.
896 2438 931 2501 l.,
957 2454 980 2490 c.
997 2439 1030 2501 7,
1050 2438 1099 2502 §1
1124 2440 1152 2489 et
1169 2434 1230 2499 ΧΙΙ,

105 2506 154 2572 14,
173 2510 222 2572 §1
249 2508 325 2576 pleno
352 2523 476 2561 consensu
501 2507 577 2561 codd.
595 2524 652 2560 mss.
671 2515 699 2560 et
721 2508 781 2561 edd.
802 2507 954 2570 autentim:
978 2507 1004 2558 n.
1023 2506 1038 2558 l.
1057 2505 1135 2559 etiam
1153 2502 1230 2557 Vino.

105 2579 172 2631 Bell.
190 2577 223 2640 V,
240 2580 283 2630 22.
317 2577 472 2643 Appellatus
495 2577 596 2646 quidem
619 2578 664 2630 ille
681 2580 846 2641 Alernndcr,
863 2577 961 2645 Aesopi
981 2575 1067 2641 silius,
1094 2576 1232 2643 Lyncestes

105 2647 179 2714 apud
201 2645 320 2699 Curtium
337 2645 403 2708 Vll,
423 2648 454 2710 1,
473 2650 489 2711 §
507 2647 538 2710 5,
561 2647 677 2715 saepius,
703 2655 731 2700 et
755 2647 825 2716 apud
850 2646 956 2701 Diodor.
975 2645 1070 2707 XVll,
1092 2647 1128 2700 32
1152 2651 1179 2697 et
1191 2643 1232 2704 ,80

105 2712 326 2782 Λυγκιστὴς,
354 2733 370 2767 a
388 2716 522 2782 Lyncestie
538 2717 580 2768 vel
600 2717 744 2784 lyncistis,
769 2715 874 2768 natione
891 2715 1029 2785 superioris
1046 2712 1232 2779 lllacedoniaes

105 2803 133 2838 v.
151 2785 282 2837 Dukerum
300 2784 333 2835 nd
351 2784 471 2853 Thucyd.
490 2785 531 2847 ΙΙ,
549 2788 599 2848 99,
624 2785 711 2854 paullo
730 2785 830 2853 plenius
847 2803 993 2854 expressum
1012 2802 1055 2852 ap.
1075 2785 1231 2855 Popponem,
1288 2784 1292 2789 '

106 2854 227 2925 prolegg.
250 2853 278 2907 in
297 2852 417 2921 Thucyd.
444 2853 500 2905 Vol.
517 2854 551 2904 ll.
575 2871 635 2923 pag.
653 2852 705 2907 417
722 2872 761 2922 sq.
791 2863 818 2906 et
841 2855 994 2906 Muellerum
1018 2856 1051 2907 de
1075 2853 1233 2906 Macedonio

106 2941 136 2994 p.
154 2926 187 2978 16
206 2939 244 2991 sq.
279 2921 310 2974 ln
326 2921 499 2974 Romanorum
517 2922 620 2990 scriptis
635 2923 796 2991 frequentior
813 2931 853 2975 est
872 2924 954 2977 forma
970 2922 997 2977 in
1015 2941 1045 2984 e‚·
1068 2923 1093 2975 h.
1111 2922 1129 2974 Ι.
1147 2930 1233 2975 tamen

127 2991 259 3055 saniores,
282 3008 348 3043 uuus
369 2992 470 3059 Bong,
495 2992 610 3043 nonnulli
635 2993 768 3056 Granum,
794 2994 892 3055 Goth„
917 2993 1009 3044 Orac:
1038 2993 1231 3059 Lyncestarum.

106 3011 209 3115 {rimus
226 3059 272 3113 Fr.
293 3060 434 3123 Arulenus,
454 3060 549 3112 deiude
566 3060 587 3112 1.
609 3061 653 3112 ur.
672 3061 790 3112 Gronov.
818 3069 845 3114 et
870 3061 914 3112 alii
941 3060 1059 3112 certatim
1084 3059 1232 3112 Alexandro

109 3131 250 3199 Lyncistsse
265 3129 310 3182 vel
329 3131 472 3197 Lyncestae
491 3137 675 3192 correxerunt:
700 3129 746 3181 sed
763 3130 846 3185 altera
862 3129 940 3181 lectio
959 3136 986 3180 et
1003 3132 1120 3180 constans
1137 3126 1233 3193 ubique

109 3208 149 3252 est
167 3204 195 3251 et
211 3207 283 3251 recte
300 3198 394 3251 dudum
413 3198 542 3268 explicatu
566 3217 582 3250 a
599 3199 738 3250 Munclcero
757 3198 788 3249 ad
806 3199 872 3280 haec
890 3197 1004 3265 Hygini:
1033 3197 1156 3248 'l'ullin
1172 3196 1233 3246 Ro·

108 3285 388 3390 ltltt‘lntti
403 3265 1234 3403 tttllttttntstlttlnll·,lilletollit:

110 3407 255 3474 Lyncestae
267 3406 375 3471 fratri?
396 3423 481 3475 neque
498 3405 543 3458 alii
561 3404 754 3474 explicueruut3
777 3403 896 3471 intellige
913 3405 1001 3468 fratri
1019 3404 1235 3454 consciorum

50 3534 53 3539 ¹
109 3475 245 3538 essedis,
262 3493 277 3526 e
294 3474 437 3527 testimonio
455 3474 559 3528 Arriani
577 3493 633 3542 esp.
652 3474 680 3536 Ι,
697 3476 746 3528 25:
768 3463 818 3526 Ἦν
835 3468 884 3539 μὲν
903 3469 937 3539 δὴ
959 3468 974 3525 ὁ
992 3467 1167 3539 Ἀλέξανδρος
1184 3459 1234 3523 od-

108 3560 157 3603 τος
175 3535 299 3610 ἁδελφὸς
321 3538 490 3610 Ἡρομένους
513 3542 608 3598 τεκαὶ
628 3538 812 3614 Ἂῤῥαβαίον,
836 3543 893 3596 cois
916 3537 1159 3611 ξυνεπιλαβόντων
1182 3540 1235 3608 τῆς

109 3612 220 3680 σφαγῆς
237 3612 287 3680 τῆς
307 3613 454 3667 Φιλίππου.
1249 3666 1252 3675 ,

179 3697 286 3734 smonns
303 3684 331 3735 in
349 3684 392 3751 co]
419 3685 517 3751 Bong.,
541 3681 599 3735 coll.
617 3682 663 3745 G.,
696 3683 791 3751 Frage
825 3700 931 3734 seruans
954 3697 1038 3734 sane
1062 3681 1098 3736 in.
1132 3677 1235 3731 Deinde

108 3766 161 3803 nou
176 3757 282 3818 praeter
299 3769 393 3805 morem
411 3751 503 3804 luscini
520 3769 576 3804 mss.
588 3745 696 3820 'aliquot
713 3752 813 3819 Bung,
830 3751 912 3806 Dorv.
930 3753 963 3815 2,
982 3750 1078 3815 Grac,
1094 3747 1135 3803 ed.
1147 3749 1234 3802 Rome

109 3820 247 3888 disspicio,
264 3821 311 3872 sed
328 3821 428 3884 nullus,
446 3829 475 3872 ut
492 3819 609 3886 videtur,
628 3820 766 3875 Gronovii.

179 3890 239 3954 §3-
277 3890 410 3943 Gmnnom
422 3889 506 3957 sequ]
527 3907 551 3941 v.
565 3890 598 3943 ad
616 3890 665 3955 ΙΧ,
682 3891 710 3954 7,
727 3893 743 3954 S
760 3890 838 3944 3.-
855 3889 969 3956 curauit]
987 3887 1068 3943 Belle
1086 3887 1236 3956 imperauit.

93 3986 96 3991 ·
173 3960 196 4023 ’5
214 3960 240 4015 7.
274 3960 303 4012 in
320 3959 391 4011 caius
408 3967 543 4026 nppnrntu
559 3960 702 4029 occupato]
721 3959 771 4011 imo
788 3959 815 4011 in
832 3958 906 4015 bellis
923 3963 1014 4013 contra
1033 3959 1157 4022 iterares,
1176 3957 1236 4011 Tsi-

108 4026 212 4089 bsllos,
228 4028 348 4097 illyrios,
367 4028 465 4092 Getas,
482 4029 630 4098 Agrianos,
649 4029 793 4081 Paeones·
928 4062 931 4067 -
971 4060 974 4069 ·
1120 4060 1124 4065 ·

179 4096 243 4149 Atls.
262 4105 289 4150 st
308 4096 460 4165 Menos]
475 4096 522 4149 Sic
540 4097 623 4167 prime
639 4096 698 4149 Ald.
716 4114 749 4151 ex
766 4096 888 4153 historiae
905 4096 958 4151 fide
975 4097 1016 4166 (v.
1033 4097 1145 4166 Eoum),
1163 4100 1192 4149 et
1208 4101 1238 4149 ut

108 4161 195 4218 soluit
211 4165 343 4236 scriptor3
372 4167 452 4222 codd.
469 4182 572 4232 omnm,
596 4164 698 4220 Bellus.
721 4166 755 4233 v,
772 4167 823 4233 29,
844 4167 941 4223 Gobel.
956 4168 1033 4223 Pers.
1051 4163 1184 4221 cosmodr.
1202 4162 1236 4228 V,
