<?xml version="1.0" encoding="UTF-8"?>
<!DOCTYPE html PUBLIC "-//W3C//DTD XHTML 1.0 Transitional//EN"
    "http://www.w3.org/TR/xhtml1/DTD/xhtml1-transitional.dtd">
<html xmlns="http://www.w3.org/1999/xhtml" xml:lang="en" lang="en">
 <head>
  <title>
</title>
<meta http-equiv="Content-Type" content="text/html;charset=utf-8" />
  <meta name='ocr-system' content='tesseract 3.04.00' />
  <meta name='ocr-capabilities' content='ocr_page ocr_carea ocr_par ocr_line ocrx_word'/>
</head>
<body>
  <div class='ocr_page' id='page_1' title='image "./iustinihistoria01dbgoog_0078.png"; bbox 0 0 2624 4606; ppageno 0'>
   <div class='ocr_carea' id='block_1_1' title="bbox 340 180 1205 296">
    <p class='ocr_par' dir='ltr' id='par_1_1' title="bbox 340 180 1205 296">
     <span class='ocr_line' id='line_1_1' title="bbox 340 180 1205 296; baseline 0.014 -16"><span class='ocrx_word' id='word_1_1' title='bbox 340 180 542 281; x_wconf 78' lang='lat' dir='ltr'>nrs&#39;roa.</span> <span class='ocrx_word' id='word_1_2' title='bbox 571 222 727 296; x_wconf 78' lang='lat' dir='ltr'>araur</span> <span class='ocrx_word' id='word_1_3' title='bbox 756 224 851 285; x_wconf 77' lang='lat' dir='ltr'>car.</span> <span class='ocrx_word' id='word_1_4' title='bbox 876 232 902 289; x_wconf 90' lang='lat'>1.</span> <span class='ocrx_word' id='word_1_5' title='bbox 924 232 954 291; x_wconf 82' lang='lat'>2.</span> <span class='ocrx_word' id='word_1_6' title='bbox 1163 232 1205 293; x_wconf 78' lang='lat' dir='ltr'>ss</span> 
     </span>
    </p>
   </div>
   <div class='ocr_carea' id='block_1_2' title="bbox 11 375 1287 2559">
    <p class='ocr_par' dir='ltr' id='par_1_2' title="bbox 11 375 1287 2559">
     <span class='ocr_line' id='line_1_2' title="bbox 78 375 1163 457; baseline 0.007 -24"><span class='ocrx_word' id='word_1_7' title='bbox 78 379 259 449; x_wconf 72' lang='lat' dir='ltr'><strong>Artabanus,</strong></span> <span class='ocrx_word' id='word_1_8' title='bbox 286 377 442 453; x_wconf 73' lang='lat' dir='ltr'><strong>praefectus</strong></span> <span class='ocrx_word' id='word_1_9' title='bbox 463 375 541 450; x_wconf 90' lang='lat' dir='ltr'>cius,</span> <span class='ocrx_word' id='word_1_10' title='bbox 569 377 715 437; x_wconf 86' lang='lat' dir='ltr'>deficiente</span> <span class='ocrx_word' id='word_1_11' title='bbox 735 379 859 453; x_wconf 90' lang='lat' dir='ltr'>qnotidie</span> <span class='ocrx_word' id='word_1_12' title='bbox 877 382 950 457; x_wconf 80' lang='lat' dir='ltr'>regis</span> <span class='ocrx_word' id='word_1_13' title='bbox 970 381 1115 441; x_wconf 87' lang='lat' dir='ltr'>maiestate</span> <span class='ocrx_word' id='word_1_14' title='bbox 1135 381 1163 441; x_wconf 91' lang='lat' dir='ltr'>in</span> 
     </span>
     <span class='ocr_line' id='line_1_3' title="bbox 18 461 1164 543; baseline 0.001 -19"><span class='ocrx_word' id='word_1_15' title='bbox 18 486 22 491; x_wconf 91' lang='lat'>·</span> <span class='ocrx_word' id='word_1_16' title='bbox 79 484 162 543; x_wconf 88' lang='lat' dir='ltr'>spem</span> <span class='ocrx_word' id='word_1_17' title='bbox 176 461 259 537; x_wconf 74' lang='lat' dir='ltr'>regui</span> <span class='ocrx_word' id='word_1_18' title='bbox 273 461 412 519; x_wconf 86' lang='lat' dir='ltr'>adductus</span> <span class='ocrx_word' id='word_1_19' title='bbox 425 481 487 519; x_wconf 90' lang='lat' dir='ltr'>cum</span> <span class='ocrx_word' id='word_1_20' title='bbox 502 466 612 539; x_wconf 80' lang='lat' dir='ltr'><strong>septem</strong></span> <span class='ocrx_word' id='word_1_21' title='bbox 632 463 827 521; x_wconf 71' lang='lat' dir='ltr'>robustissimis</span> <span class='ocrx_word' id='word_1_22' title='bbox 853 464 915 523; x_wconf 88' lang='lat' dir='ltr'>filiis</span> <span class='ocrx_word' id='word_1_23' title='bbox 936 468 1040 541; x_wconf 74' lang='lat' dir='ltr'>regim</span> <span class='ocrx_word' id='word_1_24' title='bbox 1055 467 1164 543; x_wconf 87' lang='lat' dir='ltr'>vesperi</span> 
     </span>
     <span class='ocr_line' id='line_1_4' title="bbox 79 544 1163 627; baseline 0.006 -25"><span class='ocrx_word' id='word_1_25' title='bbox 79 548 238 625; x_wconf 71' lang='lat' dir='ltr'>ingreditur</span> <span class='ocrx_word' id='word_1_26' title='bbox 251 544 331 617; x_wconf 88' lang='lat' dir='ltr'>(nam</span> <span class='ocrx_word' id='word_1_27' title='bbox 346 546 480 605; x_wconf 74' lang='lat' dir='ltr'>amicitiae</span> <span class='ocrx_word' id='word_1_28' title='bbox 494 547 554 605; x_wconf 89' lang='lat' dir='ltr'>iure</span> <span class='ocrx_word' id='word_1_29' title='bbox 569 565 678 622; x_wconf 85' lang='lat' dir='ltr'>semper</span> <span class='ocrx_word' id='word_1_30' title='bbox 690 547 728 605; x_wconf 92' lang='lat' dir='ltr'>illi</span> <span class='ocrx_word' id='word_1_31' title='bbox 738 549 876 624; x_wconf 80' lang='lat' dir='ltr'>patebat),</span> <span class='ocrx_word' id='word_1_32' title='bbox 891 552 1081 626; x_wconf 81' lang='lat' dir='ltr'>trucidataque</span> <span class='ocrx_word' id='word_1_33' title='bbox 1094 570 1163 627; x_wconf 79' lang='lat' dir='ltr'>rege</span> 
     </span>
     <span class='ocr_line' id='line_1_5' title="bbox 79 629 1276 707; baseline 0.002 -14"><span class='ocrx_word' id='word_1_34' title='bbox 79 638 148 693; x_wconf 80' lang='lat' dir='ltr'>voto</span> <span class='ocrx_word' id='word_1_35' title='bbox 168 651 220 689; x_wconf 90' lang='lat' dir='ltr'>suo</span> <span class='ocrx_word' id='word_1_36' title='bbox 234 629 407 689; x_wconf 88' lang='lat' dir='ltr'>obsistentes</span> <span class='ocrx_word' id='word_1_37' title='bbox 419 629 493 689; x_wconf 86' lang='lat' dir='ltr'>&#39;filios</span> <span class='ocrx_word' id='word_1_38' title='bbox 511 631 569 689; x_wconf 91' lang='lat' dir='ltr'>eius</span> <span class='ocrx_word' id='word_1_39' title='bbox 589 630 656 688; x_wconf 88' lang='lat' dir='ltr'>doio</span> <span class='ocrx_word' id='word_1_40' title='bbox 676 633 848 707; x_wconf 75' lang='lat' dir='ltr'>adgreditur.</span> <span class='ocrx_word' id='word_1_41' title='bbox 891 634 1019 693; x_wconf 85' lang='lat' dir='ltr'>Securior</span> <span class='ocrx_word' id='word_1_42' title='bbox 1033 638 1069 693; x_wconf 91' lang='lat' dir='ltr'>de</span> <span class='ocrx_word' id='word_1_43' title='bbox 1081 635 1188 695; x_wconf 81' lang='lat' dir='ltr'>Arta-3</span> <span class='ocrx_word' id='word_1_44' title='bbox 1273 698 1276 703; x_wconf 74' lang='grc'><strong>,</strong></span> 
     </span>
     <span class='ocr_line' id='line_1_6' title="bbox 79 714 1162 794; baseline 0.002 -19"><span class='ocrx_word' id='word_1_45' title='bbox 79 724 184 789; x_wconf 73' lang='lat' dir='ltr'>iserae,</span> <span class='ocrx_word' id='word_1_46' title='bbox 206 733 295 793; x_wconf 88' lang='lat' dir='ltr'>puero</span> <span class='ocrx_word' id='word_1_47' title='bbox 310 714 477 787; x_wconf 78' lang='lat' dir='ltr'>admodum,</span> <span class='ocrx_word' id='word_1_48' title='bbox 499 715 580 791; x_wconf 83' lang='lat' dir='ltr'>tingit</span> <span class='ocrx_word' id='word_1_49' title='bbox 593 734 688 790; x_wconf 81' lang='lat' dir='ltr'>regem</span> <span class='ocrx_word' id='word_1_50' title='bbox 701 736 719 775; x_wconf 90' lang='lat' dir='ltr'>a</span> <span class='ocrx_word' id='word_1_51' title='bbox 733 716 836 790; x_wconf 89' lang='lat' dir='ltr'>Dario,</span> <span class='ocrx_word' id='word_1_52' title='bbox 858 719 906 794; x_wconf 91' lang='lat' dir='ltr'>qui</span> <span class='ocrx_word' id='word_1_53' title='bbox 919 725 979 777; x_wconf 90' lang='lat' dir='ltr'>erat</span> <span class='ocrx_word' id='word_1_54' title='bbox 990 718 1162 793; x_wconf 79' lang='lat' dir='ltr'>adolescens,</span> 
     </span>
     <span class='ocr_line' id='line_1_7' title="bbox 80 799 1164 880; baseline 0 -19"><span class='ocrx_word' id='word_1_55' title='bbox 80 822 139 880; x_wconf 88' lang='lat' dir='ltr'>quo</span> <span class='ocrx_word' id='word_1_56' title='bbox 151 800 285 861; x_wconf 88' lang='lat' dir='ltr'>maturius</span> <span class='ocrx_word' id='word_1_57' title='bbox 306 817 394 874; x_wconf 80' lang='lat' dir='ltr'>regno</span> <span class='ocrx_word' id='word_1_58' title='bbox 412 799 562 877; x_wconf 83' lang='lat' dir='ltr'>potiretur,</span> <span class='ocrx_word' id='word_1_59' title='bbox 585 801 718 871; x_wconf 82' lang='lat' dir='ltr'>occisum3</span> <span class='ocrx_word' id='word_1_60' title='bbox 740 801 856 879; x_wconf 90' lang='lat' dir='ltr'>impellit</span> <span class='ocrx_word' id='word_1_61' title='bbox 869 803 1039 862; x_wconf 81' lang='lat' dir='ltr'>Artaxerxen</span> <span class='ocrx_word' id='word_1_62' title='bbox 1052 805 1164 879; x_wconf 90' lang='lat' dir='ltr'>parrici-</span> 
     </span>
     <span class='ocr_line' id='line_1_8' title="bbox 80 882 1189 963; baseline 0 -18"><span class='ocrx_word' id='word_1_63' title='bbox 80 888 159 948; x_wconf 87' lang='lat' dir='ltr'>dium</span> <span class='ocrx_word' id='word_1_64' title='bbox 185 882 333 963; x_wconf 88' lang='lat' dir='ltr'>parricidio</span> <span class='ocrx_word' id='word_1_65' title='bbox 356 882 505 941; x_wconf 79' lang='lat' dir='ltr'>vindicare.</span> <span class='ocrx_word' id='word_1_66' title='bbox 555 884 628 941; x_wconf 83' lang='lat' dir='ltr'>Cum</span> <span class='ocrx_word' id='word_1_67' title='bbox 653 892 765 943; x_wconf 85' lang='lat' dir='ltr'>ventum</span> <span class='ocrx_word' id='word_1_68' title='bbox 786 888 824 943; x_wconf 90' lang='lat' dir='ltr'>ad</span> <span class='ocrx_word' id='word_1_69' title='bbox 846 888 959 945; x_wconf 89' lang='lat' dir='ltr'>domum</span> <span class='ocrx_word' id='word_1_70' title='bbox 978 887 1056 945; x_wconf 88' lang='lat' dir='ltr'>Darii</span> <span class='ocrx_word' id='word_1_71' title='bbox 1080 889 1189 960; x_wconf 84' lang='lat' dir='ltr'>esset,4</span> 
     </span>
     <span class='ocr_line' id='line_1_9' title="bbox 78 968 1189 1044; baseline -0.002 -12"><span class='ocrx_word' id='word_1_72' title='bbox 78 969 224 1032; x_wconf 87' lang='lat' dir='ltr'>dormiens</span> <span class='ocrx_word' id='word_1_73' title='bbox 239 968 385 1041; x_wconf 81' lang='lat' dir='ltr'>inventus,</span> <span class='ocrx_word' id='word_1_74' title='bbox 406 968 486 1043; x_wconf 91' lang='lat' dir='ltr'>qnasi</span> <span class='ocrx_word' id='word_1_75' title='bbox 505 986 633 1027; x_wconf 87' lang='lat' dir='ltr'>somnum</span> <span class='ocrx_word' id='word_1_76' title='bbox 646 969 780 1044; x_wconf 80' lang='lat' dir='ltr'>fingeret,</span> <span class='ocrx_word' id='word_1_77' title='bbox 802 971 970 1031; x_wconf 88' lang='lat' dir='ltr'>interficitur.</span> <span class='ocrx_word' id='word_1_78' title='bbox 1012 971 1087 1030; x_wconf 86' lang='lat' dir='ltr'>Dein</span> <span class='ocrx_word' id='word_1_79' title='bbox 1104 976 1189 1030; x_wconf 77' lang='lat' dir='ltr'>cumb</span> 
     </span>
     <span class='ocr_line' id='line_1_10' title="bbox 81 1051 1163 1131; baseline -0.001 -16"><span class='ocrx_word' id='word_1_80' title='bbox 81 1075 168 1115; x_wconf 89' lang='lat' dir='ltr'>unum</span> <span class='ocrx_word' id='word_1_81' title='bbox 181 1072 217 1114; x_wconf 84' lang='lat' dir='ltr'>ex</span> <span class='ocrx_word' id='word_1_82' title='bbox 229 1052 304 1129; x_wconf 82' lang='lat' dir='ltr'>regis</span> <span class='ocrx_word' id='word_1_83' title='bbox 317 1052 380 1111; x_wconf 87' lang='lat' dir='ltr'>tiliis</span> <span class='ocrx_word' id='word_1_84' title='bbox 393 1051 490 1111; x_wconf 89' lang='lat' dir='ltr'>sceleri</span> <span class='ocrx_word' id='word_1_85' title='bbox 503 1071 554 1111; x_wconf 92' lang='lat' dir='ltr'>suo</span> <span class='ocrx_word' id='word_1_86' title='bbox 566 1071 712 1131; x_wconf 88' lang='lat' dir='ltr'>superesse</span> <span class='ocrx_word' id='word_1_87' title='bbox 727 1053 883 1115; x_wconf 86' lang='lat' dir='ltr'>Artabanus</span> <span class='ocrx_word' id='word_1_88' title='bbox 896 1057 1001 1115; x_wconf 84' lang='lat' dir='ltr'>videret</span> <span class='ocrx_word' id='word_1_89' title='bbox 1010 1060 1163 1115; x_wconf 80' lang='lat' dir='ltr'>rnetneret-</span> 
     </span>
     <span class='ocr_line' id='line_1_11' title="bbox 81 1136 1164 1218; baseline -0.003 -19"><span class='ocrx_word' id='word_1_90' title='bbox 81 1161 140 1218; x_wconf 89' lang='lat' dir='ltr'>que</span> <span class='ocrx_word' id='word_1_91' title='bbox 160 1140 198 1199; x_wconf 84' lang='lat' dir='ltr'>de</span> <span class='ocrx_word' id='word_1_92' title='bbox 216 1156 305 1214; x_wconf 82' lang='lat' dir='ltr'>regno</span> <span class='ocrx_word' id='word_1_93' title='bbox 325 1136 474 1197; x_wconf 82' lang='lat' dir='ltr'>certamina</span> <span class='ocrx_word' id='word_1_94' title='bbox 494 1138 667 1215; x_wconf 83' lang='lat' dir='ltr'>principum,</span> <span class='ocrx_word' id='word_1_95' title='bbox 688 1139 808 1197; x_wconf 79' lang='lat' dir='ltr'>adsumit</span> <span class='ocrx_word' id='word_1_96' title='bbox 827 1142 856 1198; x_wconf 93' lang='lat' dir='ltr'>in</span> <span class='ocrx_word' id='word_1_97' title='bbox 875 1142 1037 1201; x_wconf 87' lang='lat' dir='ltr'>societatem</span> <span class='ocrx_word' id='word_1_98' title='bbox 1056 1140 1164 1199; x_wconf 90' lang='lat' dir='ltr'>consilii</span> 
     </span>
     <span class='ocr_line' id='line_1_12' title="bbox 80 1222 1188 1303; baseline 0.002 -20"><span class='ocrx_word' id='word_1_99' title='bbox 80 1222 305 1302; x_wconf 75' lang='lat' dir='ltr'>Megobnsun*:</span> <span class='ocrx_word' id='word_1_100' title='bbox 326 1222 376 1297; x_wconf 86' lang='lat' dir='ltr'>qui</span> <span class='ocrx_word' id='word_1_101' title='bbox 394 1223 534 1299; x_wconf 87' lang='lat' dir='ltr'>praesenti</span> <span class='ocrx_word' id='word_1_102' title='bbox 553 1227 630 1279; x_wconf 90' lang='lat' dir='ltr'>statu</span> <span class='ocrx_word' id='word_1_103' title='bbox 652 1229 797 1283; x_wconf 89' lang='lat' dir='ltr'>contentus</span> <span class='ocrx_word' id='word_1_104' title='bbox 811 1245 869 1284; x_wconf 91' lang='lat' dir='ltr'>rem</span> <span class='ocrx_word' id='word_1_105' title='bbox 891 1226 985 1303; x_wconf 90' lang='lat' dir='ltr'>prodit</span> <span class='ocrx_word' id='word_1_106' title='bbox 1004 1223 1188 1285; x_wconf 77' lang='lat' dir='ltr'>Artaxerxizfi</span> 
     </span>
     <span class='ocr_line' id='line_1_13' title="bbox 81 1306 1165 1388; baseline -0.001 -19"><span class='ocrx_word' id='word_1_107' title='bbox 81 1316 114 1370; x_wconf 85' lang='lat' dir='ltr'>ul</span> <span class='ocrx_word' id='word_1_108' title='bbox 125 1315 208 1388; x_wconf 81' lang='lat' dir='ltr'>puter</span> <span class='ocrx_word' id='word_1_109' title='bbox 221 1309 279 1367; x_wconf 78' lang='lat' dir='ltr'>eius</span> <span class='ocrx_word' id='word_1_110' title='bbox 292 1309 393 1365; x_wconf 73' lang='lat' dir='ltr'>ocrim</span> <span class='ocrx_word' id='word_1_111' title='bbox 409 1309 462 1382; x_wconf 82' lang='lat' dir='ltr'>sit,</span> <span class='ocrx_word' id='word_1_112' title='bbox 482 1312 514 1363; x_wconf 84' lang='lat' dir='ltr'>ut</span> <span class='ocrx_word' id='word_1_113' title='bbox 528 1307 622 1385; x_wconf 81' lang='lat' dir='ltr'>frater</span> <span class='ocrx_word' id='word_1_114' title='bbox 635 1306 718 1384; x_wconf 81' lang='lat' dir='ltr'>falsu</span> <span class='ocrx_word' id='word_1_115' title='bbox 731 1310 877 1386; x_wconf 80' lang='lat' dir='ltr'>parricidii</span> <span class='ocrx_word' id='word_1_116' title='bbox 895 1312 1042 1387; x_wconf 72' lang='lat' dir='ltr'>casprin&#39;onc</span> <span class='ocrx_word' id='word_1_117' title='bbox 1060 1330 1165 1387; x_wconf 84' lang='lat' dir='ltr'>oppres·</span> 
     </span>
     <span class='ocr_line' id='line_1_14' title="bbox 11 1392 1189 1471; baseline -0.002 -14"><span class='ocrx_word' id='word_1_118' title='bbox 11 1448 17 1457; x_wconf 95' lang='lat'>.</span> <span class='ocrx_word' id='word_1_119' title='bbox 81 1415 146 1463; x_wconf 76' lang='lat' dir='ltr'>surr</span> <span class='ocrx_word' id='word_1_120' title='bbox 174 1398 207 1453; x_wconf 80' lang='lat' dir='ltr'>ut</span> <span class='ocrx_word' id='word_1_121' title='bbox 227 1392 337 1469; x_wconf 71' lang='lat' dir='ltr'>darique</span> <span class='ocrx_word' id='word_1_122' title='bbox 355 1394 410 1469; x_wconf 80' lang='lat' dir='ltr'>r&#39;pa&#39;</span> <span class='ocrx_word' id='word_1_123' title='bbox 428 1396 589 1469; x_wconf 64' lang='lat' dir='ltr'>pararentur</span> <span class='ocrx_word' id='word_1_124' title='bbox 605 1392 729 1451; x_wconf 74' lang='lat' dir='ltr'>insidiae.</span> <span class='ocrx_word' id='word_1_125' title='bbox 777 1394 830 1451; x_wconf 87' lang='lat' dir='ltr'>His</span> <span class='ocrx_word' id='word_1_126' title='bbox 851 1397 967 1471; x_wconf 84' lang='lat' dir='ltr'>cognitis</span> <span class='ocrx_word' id='word_1_127' title='bbox 988 1394 1189 1469; x_wconf 83' lang='lat' dir='ltr'>Artaxerxes,7</span> 
     </span>
     <span class='ocr_line' id='line_1_15' title="bbox 80 1475 1165 1558; baseline 0 -18"><span class='ocrx_word' id='word_1_128' title='bbox 80 1498 183 1547; x_wconf 85' lang='lat' dir='ltr'>verens</span> <span class='ocrx_word' id='word_1_129' title='bbox 194 1475 329 1537; x_wconf 76' lang='lat' dir='ltr'>Artabani</span> <span class='ocrx_word' id='word_1_130' title='bbox 343 1492 486 1536; x_wconf 89' lang='lat' dir='ltr'>numerum</span> <span class='ocrx_word' id='word_1_131' title='bbox 499 1476 633 1552; x_wconf 84' lang='lat' dir='ltr'>filiorum,</span> <span class='ocrx_word' id='word_1_132' title='bbox 653 1479 683 1535; x_wconf 90' lang='lat' dir='ltr'>in</span> <span class='ocrx_word' id='word_1_133' title='bbox 702 1484 845 1555; x_wconf 90' lang='lat' dir='ltr'>posterum</span> <span class='ocrx_word' id='word_1_134' title='bbox 860 1481 935 1539; x_wconf 84' lang='lat' dir='ltr'>diem</span> <span class='ocrx_word' id='word_1_135' title='bbox 953 1485 1080 1558; x_wconf 87' lang='lat' dir='ltr'>paratum</span> <span class='ocrx_word' id='word_1_136' title='bbox 1101 1499 1165 1540; x_wconf 92' lang='lat' dir='ltr'>esse</span> 
     </span>
     <span class='ocr_line' id='line_1_16' title="bbox 80 1562 1163 1637; baseline -0.002 -12"><span class='ocrx_word' id='word_1_137' title='bbox 80 1569 222 1625; x_wconf 77' lang='lat' dir='ltr'>ansatum</span> <span class='ocrx_word' id='word_1_138' title='bbox 240 1562 389 1621; x_wconf 80' lang='lat' dir='ltr'>exercitum</span> <span class='ocrx_word' id='word_1_139' title='bbox 410 1563 503 1635; x_wconf 90' lang='lat' dir='ltr'>iubet,</span> <span class='ocrx_word' id='word_1_140' title='bbox 533 1563 723 1637; x_wconf 82' lang='lat' dir='ltr'>recogniturus</span> <span class='ocrx_word' id='word_1_141' title='bbox 745 1570 774 1622; x_wconf 91' lang='lat' dir='ltr'>et</span> <span class='ocrx_word' id='word_1_142' title='bbox 792 1582 934 1623; x_wconf 86' lang='lat' dir='ltr'>numerum</span> <span class='ocrx_word' id='word_1_143' title='bbox 954 1564 1068 1623; x_wconf 88' lang='lat' dir='ltr'>militum</span> <span class='ocrx_word' id='word_1_144' title='bbox 1089 1572 1118 1624; x_wconf 91' lang='lat' dir='ltr'>et</span> <span class='ocrx_word' id='word_1_145' title='bbox 1135 1566 1163 1623; x_wconf 94' lang='lat' dir='ltr'>in</span> 
     </span>
     <span class='ocr_line' id='line_1_17' title="bbox 81 1645 1189 1726; baseline -0.003 -16"><span class='ocrx_word' id='word_1_146' title='bbox 81 1650 167 1710; x_wconf 90' lang='lat' dir='ltr'>armis</span> <span class='ocrx_word' id='word_1_147' title='bbox 187 1646 349 1707; x_wconf 84' lang='lat' dir='ltr'>industriam</span> <span class='ocrx_word' id='word_1_148' title='bbox 364 1645 544 1722; x_wconf 73' lang='lat' dir='ltr'>singidornm.</span> <span class='ocrx_word' id='word_1_149' title='bbox 586 1647 684 1723; x_wconf 88' lang='lat' dir='ltr'>ltaque</span> <span class='ocrx_word' id='word_1_150' title='bbox 703 1668 765 1706; x_wconf 91' lang='lat' dir='ltr'>cum</span> <span class='ocrx_word' id='word_1_151' title='bbox 784 1648 857 1707; x_wconf 90' lang='lat' dir='ltr'>inter</span> <span class='ocrx_word' id='word_1_152' title='bbox 870 1655 977 1709; x_wconf 88' lang='lat' dir='ltr'>ceteros</span> <span class='ocrx_word' id='word_1_153' title='bbox 994 1655 1024 1708; x_wconf 89' lang='lat' dir='ltr'>et</span> <span class='ocrx_word' id='word_1_154' title='bbox 1037 1650 1097 1726; x_wconf 90' lang='lat' dir='ltr'>ipse</span> <span class='ocrx_word' id='word_1_155' title='bbox 1110 1651 1189 1707; x_wconf 89' lang='lat' dir='ltr'>Ar-8</span> 
     </span>
     <span class='ocr_line' id='line_1_18' title="bbox 71 1731 1163 1805; baseline 0.001 -11"><span class='ocrx_word' id='word_1_156' title='bbox 71 1736 202 1794; x_wconf 83' lang='lat' dir='ltr'>tabanus</span> <span class='ocrx_word' id='word_1_157' title='bbox 215 1737 335 1790; x_wconf 85' lang='lat' dir='ltr'>armatus</span> <span class='ocrx_word' id='word_1_158' title='bbox 347 1731 512 1805; x_wconf 85' lang='lat' dir='ltr'>adsisteret,</span> <span class='ocrx_word' id='word_1_159' title='bbox 532 1751 580 1790; x_wconf 85' lang='lat' dir='ltr'>rex</span> <span class='ocrx_word' id='word_1_160' title='bbox 594 1732 703 1791; x_wconf 84' lang='lat' dir='ltr'>simulat</span> <span class='ocrx_word' id='word_1_161' title='bbox 716 1752 747 1791; x_wconf 92' lang='lat' dir='ltr'>se</span> <span class='ocrx_word' id='word_1_162' title='bbox 761 1733 913 1793; x_wconf 87' lang='lat' dir='ltr'>breviorem</span> <span class='ocrx_word' id='word_1_163' title='bbox 923 1734 1032 1793; x_wconf 86' lang='lat' dir='ltr'>loricam</span> <span class='ocrx_word' id='word_1_164' title='bbox 1047 1734 1163 1805; x_wconf 75' lang='lat' dir='ltr'>habere,</span> 
     </span>
     <span class='ocr_line' id='line_1_19' title="bbox 81 1816 1163 1893; baseline 0 -16"><span class='ocrx_word' id='word_1_165' title='bbox 81 1822 162 1878; x_wconf 89' lang='lat' dir='ltr'>iubet</span> <span class='ocrx_word' id='word_1_166' title='bbox 174 1816 344 1876; x_wconf 78' lang='lat' dir='ltr'>Artabanum</span> <span class='ocrx_word' id='word_1_167' title='bbox 361 1834 455 1875; x_wconf 90' lang='lat' dir='ltr'>secum</span> <span class='ocrx_word' id='word_1_168' title='bbox 473 1823 654 1888; x_wconf 81' lang='lat' dir='ltr'>commutare3</span> <span class='ocrx_word' id='word_1_169' title='bbox 675 1824 821 1877; x_wconf 84' lang='lat' dir='ltr'>eruentem</span> <span class='ocrx_word' id='word_1_170' title='bbox 834 1838 866 1879; x_wconf 92' lang='lat' dir='ltr'>se</span> <span class='ocrx_word' id='word_1_171' title='bbox 877 1838 911 1878; x_wconf 91' lang='lat' dir='ltr'>ac</span> <span class='ocrx_word' id='word_1_172' title='bbox 922 1819 1056 1877; x_wconf 88' lang='lat' dir='ltr'>nudatum</span> <span class='ocrx_word' id='word_1_173' title='bbox 1070 1818 1163 1893; x_wconf 78' lang='lat' dir='ltr'>gladio</span> 
     </span>
     <span class='ocr_line' id='line_1_20' title="bbox 82 1900 1188 1981; baseline -0.002 -19"><span class='ocrx_word' id='word_1_174' title='bbox 82 1902 205 1963; x_wconf 86' lang='lat' dir='ltr'>traiecit:</span> <span class='ocrx_word' id='word_1_175' title='bbox 219 1908 278 1960; x_wconf 91' lang='lat' dir='ltr'>tum</span> <span class='ocrx_word' id='word_1_176' title='bbox 294 1908 323 1960; x_wconf 90' lang='lat' dir='ltr'>et</span> <span class='ocrx_word' id='word_1_177' title='bbox 336 1900 407 1959; x_wconf 89' lang='lat' dir='ltr'>lilios</span> <span class='ocrx_word' id='word_1_178' title='bbox 420 1901 479 1960; x_wconf 91' lang='lat' dir='ltr'>eius</span> <span class='ocrx_word' id='word_1_179' title='bbox 491 1902 591 1978; x_wconf 80' lang='lat' dir='ltr'>corripi</span> <span class='ocrx_word' id='word_1_180' title='bbox 603 1902 688 1961; x_wconf 82' lang='lat' dir='ltr'>iubet</span> <span class='ocrx_word' id='word_1_181' title='bbox 702 1902 794 1979; x_wconf 84' lang='lat' dir='ltr'>Atque</span> <span class='ocrx_word' id='word_1_182' title='bbox 808 1905 846 1961; x_wconf 85' lang='lat' dir='ltr'>ita</span> <span class='ocrx_word' id='word_1_183' title='bbox 861 1905 989 1981; x_wconf 82' lang='lat' dir='ltr'>egregius</span> <span class='ocrx_word' id='word_1_184' title='bbox 1002 1902 1188 1963; x_wconf 80' lang='lat' dir='ltr'>adolescens9</span> 
     </span>
     <span class='ocr_line' id='line_1_21' title="bbox 84 1986 1201 2064; baseline -0.001 -16"><span class='ocrx_word' id='word_1_185' title='bbox 84 2002 112 2048; x_wconf 87' lang='lat' dir='ltr'>et</span> <span class='ocrx_word' id='word_1_186' title='bbox 125 1988 241 2047; x_wconf 85' lang='lat' dir='ltr'>caedem</span> <span class='ocrx_word' id='word_1_187' title='bbox 257 1986 345 2064; x_wconf 82' lang='lat' dir='ltr'>patris</span> <span class='ocrx_word' id='word_1_188' title='bbox 357 1991 387 2045; x_wconf 85' lang='lat' dir='ltr'>et</span> <span class='ocrx_word' id='word_1_189' title='bbox 397 2005 429 2045; x_wconf 87' lang='lat' dir='ltr'>se</span> <span class='ocrx_word' id='word_1_190' title='bbox 444 1987 482 2045; x_wconf 84' lang='lat' dir='ltr'>ab</span> <span class='ocrx_word' id='word_1_191' title='bbox 495 1986 602 2045; x_wconf 88' lang='lat' dir='ltr'>insidiis</span> <span class='ocrx_word' id='word_1_192' title='bbox 617 1986 751 2044; x_wconf 87' lang='lat' dir='ltr'>Artabani</span> <span class='ocrx_word' id='word_1_193' title='bbox 765 1989 920 2047; x_wconf 84' lang='lat' dir='ltr'>vindicavit.</span> <span class='ocrx_word' id='word_1_194' title='bbox 1197 2006 1201 2013; x_wconf 69' lang='lat'><strong>⁴</strong></span> 
     </span>
     <span class='ocr_line' id='line_1_22' title="bbox 168 2071 1287 2145; baseline 0.002 -14"><span class='ocrx_word' id='word_1_195' title='bbox 168 2072 205 2131; x_wconf 93' lang='lat' dir='ltr'>ll.</span> <span class='ocrx_word' id='word_1_196' title='bbox 226 2071 303 2132; x_wconf 87' lang='lat' dir='ltr'>Dum</span> <span class='ocrx_word' id='word_1_197' title='bbox 314 2071 384 2131; x_wconf 86' lang='lat' dir='ltr'>haec</span> <span class='ocrx_word' id='word_1_198' title='bbox 396 2071 425 2129; x_wconf 89' lang='lat' dir='ltr'>in</span> <span class='ocrx_word' id='word_1_199' title='bbox 435 2072 529 2130; x_wconf 90' lang='lat' dir='ltr'>Persis</span> <span class='ocrx_word' id='word_1_200' title='bbox 543 2077 691 2145; x_wconf 80' lang='lat' dir='ltr'>geruntur,</span> <span class='ocrx_word' id='word_1_201' title='bbox 711 2072 817 2131; x_wconf 88' lang='lat' dir='ltr'>interea</span> <span class='ocrx_word' id='word_1_202' title='bbox 836 2073 955 2132; x_wconf 86' lang='lat' dir='ltr'>Graecia</span> <span class='ocrx_word' id='word_1_203' title='bbox 973 2074 1063 2131; x_wconf 91' lang='lat' dir='ltr'>omnis</span> <span class='ocrx_word' id='word_1_204' title='bbox 1084 2073 1187 2133; x_wconf 88' lang='lat' dir='ltr'>duci-i</span> <span class='ocrx_word' id='word_1_205' title='bbox 1281 2078 1287 2093; x_wconf 82' lang='lat'><strong><em>¹</em></strong></span> 
     </span>
     <span class='ocr_line' id='line_1_23' title="bbox 84 2154 1163 2235; baseline -0.003 -17"><span class='ocrx_word' id='word_1_206' title='bbox 84 2161 136 2218; x_wconf 92' lang='lat' dir='ltr'>bus</span> <span class='ocrx_word' id='word_1_207' title='bbox 149 2156 379 2218; x_wconf 80' lang='lat' dir='ltr'>Lacedaemoniis</span> <span class='ocrx_word' id='word_1_208' title='bbox 393 2163 423 2217; x_wconf 86' lang='lat' dir='ltr'>et</span> <span class='ocrx_word' id='word_1_209' title='bbox 432 2154 646 2214; x_wconf 87' lang='lat' dir='ltr'>Atheniensibus</span> <span class='ocrx_word' id='word_1_210' title='bbox 658 2156 687 2212; x_wconf 93' lang='lat' dir='ltr'>in</span> <span class='ocrx_word' id='word_1_211' title='bbox 702 2156 770 2214; x_wconf 87' lang='lat' dir='ltr'>duas</span> <span class='ocrx_word' id='word_1_212' title='bbox 786 2156 874 2214; x_wconf 86' lang='lat' dir='ltr'>divisa</span> <span class='ocrx_word' id='word_1_213' title='bbox 888 2163 981 2235; x_wconf 87' lang='lat' dir='ltr'>partes</span> <span class='ocrx_word' id='word_1_214' title='bbox 995 2159 1031 2216; x_wconf 90' lang='lat' dir='ltr'>ab</span> <span class='ocrx_word' id='word_1_215' title='bbox 1045 2159 1163 2217; x_wconf 84' lang='lat' dir='ltr'>externis</span> 
     </span>
     <span class='ocr_line' id='line_1_24' title="bbox 84 2240 1190 2319; baseline -0.006 -15"><span class='ocrx_word' id='word_1_216' title='bbox 84 2244 162 2304; x_wconf 88' lang='lat' dir='ltr'>bellis</span> <span class='ocrx_word' id='word_1_217' title='bbox 176 2241 293 2302; x_wconf 84' lang='lat' dir='ltr'>velutin</span> <span class='ocrx_word' id='word_1_218' title='bbox 306 2241 411 2300; x_wconf 82' lang='lat' dir='ltr'>viscera</span> <span class='ocrx_word' id='word_1_219' title='bbox 424 2259 475 2299; x_wconf 89' lang='lat' dir='ltr'>sua</span> <span class='ocrx_word' id='word_1_220' title='bbox 486 2259 562 2299; x_wconf 89' lang='lat' dir='ltr'>arma</span> <span class='ocrx_word' id='word_1_221' title='bbox 574 2241 719 2298; x_wconf 88' lang='lat' dir='ltr'>convertit.</span> <span class='ocrx_word' id='word_1_222' title='bbox 739 2240 824 2298; x_wconf 85' lang='lat' dir='ltr'>Fiunt</span> <span class='ocrx_word' id='word_1_223' title='bbox 837 2241 921 2316; x_wconf 79' lang='lat' dir='ltr'>igitur</span> <span class='ocrx_word' id='word_1_224' title='bbox 937 2242 972 2300; x_wconf 89' lang='lat' dir='ltr'>de</span> <span class='ocrx_word' id='word_1_225' title='bbox 991 2260 1046 2299; x_wconf 92' lang='lat' dir='ltr'>uno</span> <span class='ocrx_word' id='word_1_226' title='bbox 1061 2242 1190 2319; x_wconf 78' lang='lat' dir='ltr'>populo2</span> 
     </span>
     <span class='ocr_line' id='line_1_25' title="bbox 83 2322 1163 2406; baseline -0.004 -18"><span class='ocrx_word' id='word_1_227' title='bbox 83 2331 140 2388; x_wconf 93' lang='lat' dir='ltr'>duo</span> <span class='ocrx_word' id='word_1_228' title='bbox 155 2346 290 2406; x_wconf 90' lang='lat' dir='ltr'>corpora,</span> <span class='ocrx_word' id='word_1_229' title='bbox 312 2332 341 2385; x_wconf 90' lang='lat' dir='ltr'>et</span> <span class='ocrx_word' id='word_1_230' title='bbox 361 2326 520 2401; x_wconf 86' lang='lat' dir='ltr'>eorumdem</span> <span class='ocrx_word' id='word_1_231' title='bbox 536 2330 689 2383; x_wconf 90' lang='lat' dir='ltr'>castrorum</span> <span class='ocrx_word' id='word_1_232' title='bbox 702 2322 827 2384; x_wconf 88' lang='lat' dir='ltr'>homines</span> <span class='ocrx_word' id='word_1_233' title='bbox 843 2325 871 2383; x_wconf 91' lang='lat' dir='ltr'>in</span> <span class='ocrx_word' id='word_1_234' title='bbox 889 2326 959 2384; x_wconf 94' lang='lat' dir='ltr'>duos</span> <span class='ocrx_word' id='word_1_235' title='bbox 979 2325 1093 2383; x_wconf 87' lang='lat' dir='ltr'>hostiles</span> <span class='ocrx_word' id='word_1_236' title='bbox 1115 2346 1163 2384; x_wconf 85' lang='lat' dir='ltr'>ex-</span> 
     </span>
     <span class='ocr_line' id='line_1_26' title="bbox 84 2409 1286 2486; baseline -0.007 -12"><span class='ocrx_word' id='word_1_237' title='bbox 84 2415 187 2475; x_wconf 90' lang='lat' dir='ltr'>ereitus</span> <span class='ocrx_word' id='word_1_238' title='bbox 206 2412 372 2471; x_wconf 80' lang='lat' dir='ltr'>dividuntor.</span> <span class='ocrx_word' id='word_1_239' title='bbox 414 2411 489 2469; x_wconf 87' lang='lat' dir='ltr'>Hinc</span> <span class='ocrx_word' id='word_1_240' title='bbox 506 2409 722 2469; x_wconf 87' lang='lat' dir='ltr'>Lacedaemonii</span> <span class='ocrx_word' id='word_1_241' title='bbox 740 2410 894 2473; x_wconf 83' lang='lat' dir='ltr'>communia</span> <span class='ocrx_word' id='word_1_242' title='bbox 909 2410 1048 2486; x_wconf 89' lang='lat' dir='ltr'>qnondam</span> <span class='ocrx_word' id='word_1_243' title='bbox 1068 2410 1189 2468; x_wconf 82' lang='lat' dir='ltr'>civita-d</span> <span class='ocrx_word' id='word_1_244' title='bbox 1280 2436 1286 2449; x_wconf 79' lang='lat'>=</span> 
     </span>
     <span class='ocr_line' id='line_1_27' title="bbox 84 2495 1164 2559; baseline -0.005 0"><span class='ocrx_word' id='word_1_245' title='bbox 84 2503 153 2559; x_wconf 86' lang='lat' dir='ltr'>tium</span> <span class='ocrx_word' id='word_1_246' title='bbox 173 2496 275 2557; x_wconf 83' lang='lat' dir='ltr'>auxilia</span> <span class='ocrx_word' id='word_1_247' title='bbox 295 2497 332 2556; x_wconf 86' lang='lat' dir='ltr'>ad</span> <span class='ocrx_word' id='word_1_248' title='bbox 351 2496 423 2559; x_wconf 84' lang='lat' dir='ltr'>vires</span> <span class='ocrx_word' id='word_1_249' title='bbox 445 2515 509 2559; x_wconf 89' lang='lat' dir='ltr'>suas</span> <span class='ocrx_word' id='word_1_250' title='bbox 529 2495 688 2559; x_wconf 82' lang='lat' dir='ltr'>trahebant:</span> <span class='ocrx_word' id='word_1_251' title='bbox 708 2495 774 2557; x_wconf 90' lang='lat' dir='ltr'>inde</span> <span class='ocrx_word' id='word_1_252' title='bbox 787 2495 969 2557; x_wconf 82' lang='lat' dir='ltr'>Athenienses</span> <span class='ocrx_word' id='word_1_253' title='bbox 985 2500 1014 2555; x_wconf 87' lang='lat' dir='ltr'>et</span> <span class='ocrx_word' id='word_1_254' title='bbox 1026 2499 1164 2555; x_wconf 82' lang='lat' dir='ltr'>vetustate</span> 
     </span>
    </p>
   </div>
   <div class='ocr_carea' id='block_1_3' title="bbox 144 2614 357 2713">
    <p class='ocr_par' dir='ltr' id='par_1_3' title="bbox 144 2614 357 2713">
     <span class='ocr_line' id='line_1_28' title="bbox 144 2614 357 2713; baseline 0.005 -38"><span class='ocrx_word' id='word_1_255' title='bbox 144 2618 163 2713; x_wconf 28' lang='grc' dir='ltr'>Ι*</span> <span class='ocrx_word' id='word_1_256' title='bbox 184 2614 357 2676; x_wconf 83' lang='lat' dir='ltr'>Bucubrsun</span> 
     </span>
    </p>
   </div>
   <div class='ocr_carea' id='block_1_4' title="bbox 83 2858 1285 4177">
    <p class='ocr_par' dir='ltr' id='par_1_4' title="bbox 83 2858 1285 2999">
     <span class='ocr_line' id='line_1_29' title="bbox 83 2858 1285 2931; baseline -0.003 -15"><span class='ocrx_word' id='word_1_257' title='bbox 83 2864 123 2919; x_wconf 91' lang='lat' dir='ltr'>illi</span> <span class='ocrx_word' id='word_1_258' title='bbox 134 2861 189 2917; x_wconf 84' lang='lat' dir='ltr'>anti</span> <span class='ocrx_word' id='word_1_259' title='bbox 234 2878 293 2917; x_wconf 81' lang='lat' dir='ltr'>ores</span> <span class='ocrx_word' id='word_1_260' title='bbox 310 2862 385 2923; x_wconf 64' lang='lat' dir='ltr'>sunta</span> <span class='ocrx_word' id='word_1_261' title='bbox 402 2858 467 2913; x_wconf 86' lang='lat' dir='ltr'>dicit</span> <span class='ocrx_word' id='word_1_262' title='bbox 486 2860 579 2915; x_wconf 81' lang='lat' dir='ltr'>bedam</span> <span class='ocrx_word' id='word_1_263' title='bbox 594 2860 717 2915; x_wconf 84' lang='lat' dir='ltr'>adversus</span> <span class='ocrx_word' id='word_1_264' title='bbox 729 2863 846 2915; x_wconf 80' lang='lat' dir='ltr'>Graecos</span> <span class='ocrx_word' id='word_1_265' title='bbox 862 2861 905 2931; x_wconf 80' lang='lat' dir='ltr'>(v.</span> <span class='ocrx_word' id='word_1_266' title='bbox 918 2859 1075 2914; x_wconf 72' lang='lat' dir='ltr'>Freinsbem.</span> <span class='ocrx_word' id='word_1_267' title='bbox 1088 2858 1115 2913; x_wconf 86' lang='lat' dir='ltr'>in</span> <span class='ocrx_word' id='word_1_268' title='bbox 1127 2858 1207 2913; x_wconf 82' lang='lat' dir='ltr'>indic.</span> <span class='ocrx_word' id='word_1_269' title='bbox 1275 2858 1285 2883; x_wconf 78' lang='lat'>⁸</span> 
     </span>
     <span class='ocr_line' id='line_1_30' title="bbox 85 2929 677 2999; baseline -0.002 -13"><span class='ocrx_word' id='word_1_270' title='bbox 85 2934 203 2986; x_wconf 83' lang='lat' dir='ltr'>Gronov.</span> <span class='ocrx_word' id='word_1_271' title='bbox 227 2969 236 2995; x_wconf 98' lang='lat'>,</span> <span class='ocrx_word' id='word_1_272' title='bbox 252 2946 302 2984; x_wconf 82' lang='lat' dir='ltr'>nec</span> <span class='ocrx_word' id='word_1_273' title='bbox 315 2929 486 2982; x_wconf 88' lang='lat' dir='ltr'>somniandum</span> <span class='ocrx_word' id='word_1_274' title='bbox 499 2931 533 2983; x_wconf 82' lang='lat' dir='ltr'>ds</span> <span class='ocrx_word' id='word_1_275' title='bbox 547 2931 677 2999; x_wconf 84' lang='lat' dir='ltr'>antiptosi.</span> 
     </span>
    </p>

    <p class='ocr_par' dir='ltr' id='par_1_5' title="bbox 86 2996 1209 3486">
     <span class='ocr_line' id='line_1_31' title="bbox 157 2996 1208 3080; baseline -0.009 -25"><span class='ocrx_word' id='word_1_276' title='bbox 157 3004 176 3068; x_wconf 69' lang='grc'><strong>5</strong></span> <span class='ocrx_word' id='word_1_277' title='bbox 191 3001 219 3055; x_wconf 84' lang='grc'>5.</span> <span class='ocrx_word' id='word_1_278' title='bbox 236 3000 416 3066; x_wconf 68' lang='lat' dir='ltr'>Baccharum]</span> <span class='ocrx_word' id='word_1_279' title='bbox 431 2999 507 3059; x_wconf 80' lang='lat' dir='ltr'>Hunc</span> <span class='ocrx_word' id='word_1_280' title='bbox 519 3000 693 3080; x_wconf 67' lang='lat' dir='ltr'>,llcgcbpsum</span> <span class='ocrx_word' id='word_1_281' title='bbox 707 2998 810 3051; x_wconf 84' lang='lat' dir='ltr'>Ctesias</span> <span class='ocrx_word' id='word_1_282' title='bbox 824 2998 952 3080; x_wconf 67' lang='lat' dir='ltr'>appellata</span> <span class='ocrx_word' id='word_1_283' title='bbox 973 2996 1033 3062; x_wconf 83' lang='lat' dir='ltr'>vel,</span> <span class='ocrx_word' id='word_1_284' title='bbox 1057 3001 1087 3047; x_wconf 88' lang='lat' dir='ltr'>ut</span> <span class='ocrx_word' id='word_1_285' title='bbox 1098 2996 1208 3064; x_wconf 76' lang='lat' dir='ltr'>Thucy-</span> 
     </span>
     <span class='ocr_line' id='line_1_32' title="bbox 86 3063 1208 3137; baseline -0.009 -13"><span class='ocrx_word' id='word_1_286' title='bbox 86 3070 161 3124; x_wconf 88' lang='lat' dir='ltr'>dides</span> <span class='ocrx_word' id='word_1_287' title='bbox 179 3070 285 3134; x_wconf 82' lang='lat' dir='ltr'>scribit,</span> <span class='ocrx_word' id='word_1_288' title='bbox 311 3069 495 3137; x_wconf 67' lang='lat' dir='ltr'>Megabuxum.</span> <span class='ocrx_word' id='word_1_289' title='bbox 531 3068 671 3135; x_wconf 77' lang='lat' dir='ltr'>Superiora</span> <span class='ocrx_word' id='word_1_290' title='bbox 692 3084 749 3118; x_wconf 88' lang='lat' dir='ltr'>cnm</span> <span class='ocrx_word' id='word_1_291' title='bbox 771 3077 918 3119; x_wconf 78' lang='lat' dir='ltr'>narratione</span> <span class='ocrx_word' id='word_1_292' title='bbox 933 3066 1037 3119; x_wconf 83' lang='lat' dir='ltr'>Ctesiae</span> <span class='ocrx_word' id='word_1_293' title='bbox 1051 3063 1127 3116; x_wconf 85' lang='lat' dir='ltr'>iacile</span> <span class='ocrx_word' id='word_1_294' title='bbox 1145 3081 1208 3115; x_wconf 92' lang='lat' dir='ltr'>con·</span> 
     </span>
     <span class='ocr_line' id='line_1_33' title="bbox 88 3126 1207 3207; baseline -0.01 -12"><span class='ocrx_word' id='word_1_295' title='bbox 88 3138 172 3201; x_wconf 78' lang='lat' dir='ltr'>silleri</span> <span class='ocrx_word' id='word_1_296' title='bbox 183 3144 306 3207; x_wconf 74' lang='lat' dir='ltr'>possrmt3</span> <span class='ocrx_word' id='word_1_297' title='bbox 329 3136 417 3205; x_wconf 68' lang='lat' dir='ltr'>pergit</span> <span class='ocrx_word' id='word_1_298' title='bbox 428 3136 511 3189; x_wconf 74' lang='lat' dir='ltr'>idem:</span> <span class='ocrx_word' id='word_1_299' title='bbox 529 3130 598 3189; x_wconf 79' lang='lat' dir='ltr'>cilici</span> <span class='ocrx_word' id='word_1_300' title='bbox 610 3130 710 3201; x_wconf 73' lang='grc' dir='ltr'><strong><em>μηνύει</em></strong></span> <span class='ocrx_word' id='word_1_301' title='bbox 724 3130 819 3187; x_wconf 78' lang='grc' dir='ltr'><em>πάντα</em></span> <span class='ocrx_word' id='word_1_302' title='bbox 833 3131 999 3202; x_wconf 65' lang='grc' dir='ltr'><em>Μεγάβυζος</em></span> <span class='ocrx_word' id='word_1_303' title='bbox 1015 3131 1064 3185; x_wconf 81' lang='lat' dir='ltr'>aul</span> <span class='ocrx_word' id='word_1_304' title='bbox 1086 3126 1207 3195; x_wconf 73' lang='grc' dir='ltr'><em>ἀναιρεῖ-</em></span> 
     </span>
     <span class='ocr_line' id='line_1_34' title="bbox 88 3194 1207 3276; baseline -0.01 -15"><span class='ocrx_word' id='word_1_305' title='bbox 88 3227 137 3263; x_wconf 86' lang='grc' dir='ltr'>ται</span> <span class='ocrx_word' id='word_1_306' title='bbox 152 3202 324 3275; x_wconf 72' lang='grc' dir='ltr'><strong><em>Ἀρτάπανοο</em></strong></span> <span class='ocrx_word' id='word_1_307' title='bbox 337 3194 362 3276; x_wconf 70' lang='grc' dir='ltr'><em>ᾦ</em></span> <span class='ocrx_word' id='word_1_308' title='bbox 374 3196 470 3275; x_wconf 62' lang='grc' dir='ltr'><strong><em>τρόπῳ</em></strong></span> <span class='ocrx_word' id='word_1_309' title='bbox 483 3203 520 3269; x_wconf 89' lang='lat' dir='ltr'>(i.</span> <span class='ocrx_word' id='word_1_310' title='bbox 537 3222 561 3263; x_wconf 70' lang='lat' dir='ltr'>e,</span> <span class='ocrx_word' id='word_1_311' title='bbox 572 3221 622 3271; x_wconf 79' lang='lat' dir='ltr'>per</span> <span class='ocrx_word' id='word_1_312' title='bbox 634 3204 741 3267; x_wconf 62' lang='lat' dir='ltr'>mlum)</span> <span class='ocrx_word' id='word_1_313' title='bbox 759 3198 867 3267; x_wconf 66' lang='lat' dir='ltr'>ipsura</span> <span class='ocrx_word' id='word_1_314' title='bbox 886 3197 1012 3270; x_wconf 72' lang='grc' dir='ltr'>ἀναιρεῖν</span> <span class='ocrx_word' id='word_1_315' title='bbox 1027 3194 1207 3268; x_wconf 72' lang='grc' dir='ltr'>Ἀρτοξέρξην.</span> 
     </span>
     <span class='ocr_line' id='line_1_35' title="bbox 88 3271 1209 3345; baseline -0.01 -14"><span class='ocrx_word' id='word_1_316' title='bbox 88 3276 181 3331; x_wconf 81' lang='lat' dir='ltr'>Paullo</span> <span class='ocrx_word' id='word_1_317' title='bbox 191 3282 250 3345; x_wconf 86' lang='lat' dir='ltr'>post</span> <span class='ocrx_word' id='word_1_318' title='bbox 264 3290 376 3343; x_wconf 79' lang='lat' dir='ltr'>pugnae,</span> <span class='ocrx_word' id='word_1_319' title='bbox 391 3291 457 3341; x_wconf 89' lang='lat' dir='ltr'>quae</span> <span class='ocrx_word' id='word_1_320' title='bbox 469 3273 536 3324; x_wconf 88' lang='lat' dir='ltr'>inter</span> <span class='ocrx_word' id='word_1_321' title='bbox 549 3272 694 3323; x_wconf 90' lang='lat' dir='ltr'>coniuratos</span> <span class='ocrx_word' id='word_1_322' title='bbox 705 3271 830 3329; x_wconf 83' lang='lat' dir='ltr'>Artabani</span> <span class='ocrx_word' id='word_1_323' title='bbox 844 3276 871 3323; x_wconf 86' lang='lat' dir='ltr'>et.</span> <span class='ocrx_word' id='word_1_324' title='bbox 882 3271 996 3340; x_wconf 81' lang='lat' dir='ltr'>reliquos</span> <span class='ocrx_word' id='word_1_325' title='bbox 1004 3271 1094 3323; x_wconf 84' lang='lat' dir='ltr'>Persas</span> <span class='ocrx_word' id='word_1_326' title='bbox 1106 3282 1209 3320; x_wconf 81' lang='lat' dir='ltr'>exarse-</span> 
     </span>
     <span class='ocr_line' id='line_1_36' title="bbox 89 3335 1209 3411; baseline -0.009 -12"><span class='ocrx_word' id='word_1_327' title='bbox 89 3347 141 3411; x_wconf 83' lang='lat' dir='ltr'>rit,</span> <span class='ocrx_word' id='word_1_328' title='bbox 159 3344 315 3401; x_wconf 73' lang='lat' dir='ltr'>mutierem</span> <span class='ocrx_word' id='word_1_329' title='bbox 324 3342 412 3395; x_wconf 79' lang='lat' dir='ltr'>‘subito</span> <span class='ocrx_word' id='word_1_330' title='bbox 428 3342 523 3405; x_wconf 76' lang='lat' dir='ltr'>interis</span> <span class='ocrx_word' id='word_1_331' title='bbox 540 3339 608 3403; x_wconf 84' lang='lat' dir='ltr'>unde</span> <span class='ocrx_word' id='word_1_332' title='bbox 629 3339 692 3391; x_wconf 87' lang='lat' dir='ltr'>mibi</span> <span class='ocrx_word' id='word_1_333' title='bbox 710 3340 867 3408; x_wconf 88' lang='lat' dir='ltr'>persuadeo,</span> <span class='ocrx_word' id='word_1_334' title='bbox 888 3356 956 3407; x_wconf 82' lang='lat' dir='ltr'>quae</span> <span class='ocrx_word' id='word_1_335' title='bbox 967 3337 1075 3391; x_wconf 76' lang='lat' dir='ltr'>Pharius</span> <span class='ocrx_word' id='word_1_336' title='bbox 1089 3353 1105 3389; x_wconf 85' lang='lat' dir='ltr'>c</span> <span class='ocrx_word' id='word_1_337' title='bbox 1119 3335 1209 3389; x_wconf 81' lang='lat' dir='ltr'>Ctesia</span> 
     </span>
     <span class='ocr_line' id='line_1_37' title="bbox 89 3406 1132 3486; baseline -0.012 -17"><span class='ocrx_word' id='word_1_338' title='bbox 89 3413 244 3486; x_wconf 80' lang='lat' dir='ltr'>praeteriit,</span> <span class='ocrx_word' id='word_1_339' title='bbox 262 3412 305 3465; x_wconf 84' lang='lat' dir='ltr'>bic</span> <span class='ocrx_word' id='word_1_340' title='bbox 318 3428 334 3464; x_wconf 85' lang='lat' dir='ltr'>a</span> <span class='ocrx_word' id='word_1_341' title='bbox 346 3410 445 3467; x_wconf 78' lang='lat' dir='ltr'>luscino</span> <span class='ocrx_word' id='word_1_342' title='bbox 455 3410 527 3462; x_wconf 88' lang='lat' dir='ltr'>nobis</span> <span class='ocrx_word' id='word_1_343' title='bbox 539 3416 644 3461; x_wconf 86' lang='lat' dir='ltr'>servata</span> <span class='ocrx_word' id='word_1_344' title='bbox 654 3426 717 3461; x_wconf 81' lang='lat' dir='ltr'>esse.</span> <span class='ocrx_word' id='word_1_345' title='bbox 728 3437 764 3447; x_wconf 90' lang='lat'>-</span> <span class='ocrx_word' id='word_1_346' title='bbox 782 3406 856 3471; x_wconf 76' lang='lat' dir='ltr'>Vino.</span> <span class='ocrx_word' id='word_1_347' title='bbox 870 3408 951 3461; x_wconf 76' lang='lat' dir='ltr'>Beli:</span> <span class='ocrx_word' id='word_1_348' title='bbox 968 3407 1051 3475; x_wconf 75' lang='lat' dir='ltr'>regiis</span> <span class='ocrx_word' id='word_1_349' title='bbox 1056 3407 1101 3473; x_wconf 85' lang='lat' dir='ltr'>fil.</span> <span class='ocrx_word' id='word_1_350' title='bbox 1129 3434 1132 3441; x_wconf 94' lang='lat'>·</span> 
     </span>
    </p>

    <p class='ocr_par' dir='ltr' id='par_1_6' title="bbox 90 3475 1209 3683">
     <span class='ocr_line' id='line_1_38' title="bbox 158 3475 1209 3549; baseline -0.006 -15"><span class='ocrx_word' id='word_1_351' title='bbox 158 3486 177 3549; x_wconf 73' lang='lat' dir='ltr'>S</span> <span class='ocrx_word' id='word_1_352' title='bbox 193 3487 221 3541; x_wconf 83' lang='lat'>7.</span> <span class='ocrx_word' id='word_1_353' title='bbox 237 3498 298 3535; x_wconf 82' lang='lat' dir='ltr'>seco</span> <span class='ocrx_word' id='word_1_354' title='bbox 339 3479 429 3545; x_wconf 56' lang='grc' dir='ltr'><strong>Ὦπιν]</strong></span> <span class='ocrx_word' id='word_1_355' title='bbox 446 3479 540 3543; x_wconf 68' lang='lat' dir='ltr'>‚illaluit</span> <span class='ocrx_word' id='word_1_356' title='bbox 556 3476 731 3546; x_wconf 74' lang='lat' dir='ltr'>Heusingerus</span> <span class='ocrx_word' id='word_1_357' title='bbox 749 3476 898 3531; x_wconf 81' lang='lat' dir='ltr'>Emendatt.</span> <span class='ocrx_word' id='word_1_358' title='bbox 920 3493 947 3547; x_wconf 86' lang='lat' dir='ltr'>p.</span> <span class='ocrx_word' id='word_1_359' title='bbox 960 3477 1026 3529; x_wconf 77' lang='grc' dir='ltr'>20οε</span> <span class='ocrx_word' id='word_1_360' title='bbox 1050 3475 1148 3542; x_wconf 74' lang='lat' dir='ltr'>punct</span> <span class='ocrx_word' id='word_1_361' title='bbox 1167 3492 1209 3528; x_wconf 85' lang='lat' dir='ltr'>rs·</span> 
     </span>
     <span class='ocr_line' id='line_1_39' title="bbox 90 3542 1208 3623; baseline -0.008 -18"><span class='ocrx_word' id='word_1_362' title='bbox 90 3542 197 3623; x_wconf 74' lang='lat' dir='ltr'>eogn&#39;e</span> <span class='ocrx_word' id='word_1_363' title='bbox 214 3548 288 3603; x_wconf 80' lang='lat' dir='ltr'>vinc.</span> <span class='ocrx_word' id='word_1_364' title='bbox 327 3548 402 3601; x_wconf 84' lang='lat' dir='ltr'>ellov.</span> <span class='ocrx_word' id='word_1_365' title='bbox 415 3548 462 3610; x_wconf 90' lang='lat' dir='ltr'>lV,</span> <span class='ocrx_word' id='word_1_366' title='bbox 480 3546 532 3612; x_wconf 72' lang='lat'>413</span> <span class='ocrx_word' id='word_1_367' title='bbox 551 3546 597 3599; x_wconf 90' lang='lat' dir='ltr'>sed</span> <span class='ocrx_word' id='word_1_368' title='bbox 613 3545 676 3600; x_wconf 83' lang='lat' dir='ltr'>talia</span> <span class='ocrx_word' id='word_1_369' title='bbox 689 3546 878 3616; x_wconf 83' lang='lat' dir='ltr'>chronographi</span> <span class='ocrx_word' id='word_1_370' title='bbox 895 3551 1016 3599; x_wconf 80' lang='lat' dir='ltr'>currente</span> <span class='ocrx_word' id='word_1_371' title='bbox 1032 3542 1208 3613; x_wconf 76' lang='lat' dir='ltr'>calamoque-</span> 
     </span>
     <span class='ocr_line' id='line_1_40' title="bbox 90 3618 1137 3683; baseline -0.007 -10"><span class='ocrx_word' id='word_1_372' title='bbox 90 3624 130 3675; x_wconf 80' lang='lat' dir='ltr'>vis</span> <span class='ocrx_word' id='word_1_373' title='bbox 142 3623 209 3675; x_wconf 82' lang='lat' dir='ltr'>data</span> <span class='ocrx_word' id='word_1_374' title='bbox 220 3618 356 3677; x_wconf 76' lang='lat' dir='ltr'>ocmdonc</span> <span class='ocrx_word' id='word_1_375' title='bbox 367 3618 493 3683; x_wconf 82' lang='lat' dir='ltr'>inserunt.</span> <span class='ocrx_word' id='word_1_376' title='bbox 512 3672 516 3679; x_wconf 75' lang='grc'><strong>,</strong></span> <span class='ocrx_word' id='word_1_377' title='bbox 721 3652 724 3657; x_wconf 91' lang='grc'>-</span> <span class='ocrx_word' id='word_1_378' title='bbox 1070 3642 1074 3651; x_wconf 87' lang='grc'><em>·</em></span> <span class='ocrx_word' id='word_1_379' title='bbox 1134 3648 1137 3653; x_wconf 92' lang='grc'>-</span> 
     </span>
    </p>

    <p class='ocr_par' dir='ltr' id='par_1_7' title="bbox 91 3679 1210 3959">
     <span class='ocr_line' id='line_1_41' title="bbox 157 3679 1210 3755; baseline -0.009 -11"><span class='ocrx_word' id='word_1_380' title='bbox 157 3690 221 3755; x_wconf 57' lang='lat'>58.</span> <span class='ocrx_word' id='word_1_381' title='bbox 238 3688 356 3753; x_wconf 61' lang='lat' dir='ltr'>nabat]</span> <span class='ocrx_word' id='word_1_382' title='bbox 373 3686 420 3739; x_wconf 87' lang='lat' dir='ltr'>Sic</span> <span class='ocrx_word' id='word_1_383' title='bbox 432 3686 532 3754; x_wconf 61' lang='lat' dir='ltr'>lissam</span> <span class='ocrx_word' id='word_1_384' title='bbox 550 3684 636 3743; x_wconf 80' lang='lat' dir='ltr'>Grac,</span> <span class='ocrx_word' id='word_1_385' title='bbox 651 3683 743 3747; x_wconf 73' lang='lat' dir='ltr'>Gotla,</span> <span class='ocrx_word' id='word_1_386' title='bbox 756 3682 836 3750; x_wconf 79' lang='lat' dir='ltr'>Prug.</span> <span class='ocrx_word' id='word_1_387' title='bbox 848 3688 880 3747; x_wconf 85' lang='lat' dir='ltr'>et</span> <span class='ocrx_word' id='word_1_388' title='bbox 888 3682 944 3735; x_wconf 87' lang='lat' dir='ltr'>sine</span> <span class='ocrx_word' id='word_1_389' title='bbox 957 3679 1036 3732; x_wconf 90' lang='lat' dir='ltr'>dubio</span> <span class='ocrx_word' id='word_1_390' title='bbox 1050 3679 1160 3750; x_wconf 88' lang='lat' dir='ltr'>plurimi,</span> <span class='ocrx_word' id='word_1_391' title='bbox 1178 3692 1210 3735; x_wconf 84' lang='lat' dir='ltr'>ut</span> 
     </span>
     <span class='ocr_line' id='line_1_42' title="bbox 91 3746 1208 3825; baseline -0.007 -16"><span class='ocrx_word' id='word_1_392' title='bbox 91 3766 155 3811; x_wconf 78' lang='lat' dir='ltr'>vett.</span> <span class='ocrx_word' id='word_1_393' title='bbox 174 3756 251 3813; x_wconf 86' lang='lat' dir='ltr'>edd..</span> <span class='ocrx_word' id='word_1_394' title='bbox 271 3755 299 3809; x_wconf 89' lang='lat' dir='ltr'>in</span> <span class='ocrx_word' id='word_1_395' title='bbox 314 3773 378 3825; x_wconf 82' lang='lat' dir='ltr'>qaas</span> <span class='ocrx_word' id='word_1_396' title='bbox 392 3755 426 3809; x_wconf 87' lang='lat' dir='ltr'>ds</span> <span class='ocrx_word' id='word_1_397' title='bbox 441 3746 603 3821; x_wconf 67' lang='lat' dir='ltr'>correctione</span> <span class='ocrx_word' id='word_1_398' title='bbox 618 3753 716 3807; x_wconf 86' lang='lat' dir='ltr'>illatum</span> <span class='ocrx_word' id='word_1_399' title='bbox 730 3770 786 3804; x_wconf 86' lang='lat' dir='ltr'>esso</span> <span class='ocrx_word' id='word_1_400' title='bbox 802 3768 852 3805; x_wconf 92' lang='lat' dir='ltr'>non</span> <span class='ocrx_word' id='word_1_401' title='bbox 870 3758 910 3804; x_wconf 87' lang='lat' dir='ltr'>est</span> <span class='ocrx_word' id='word_1_402' title='bbox 926 3749 1078 3814; x_wconf 81' lang='lat' dir='ltr'>verisimile3</span> <span class='ocrx_word' id='word_1_403' title='bbox 1096 3768 1122 3803; x_wconf 84' lang='lat' dir='ltr'>v.</span> <span class='ocrx_word' id='word_1_404' title='bbox 1138 3751 1171 3802; x_wconf 90' lang='lat' dir='ltr'>ad</span> <span class='ocrx_word' id='word_1_405' title='bbox 1186 3752 1208 3813; x_wconf 86' lang='lat' dir='ltr'>l,</span> 
     </span>
     <span class='ocr_line' id='line_1_43' title="bbox 92 3817 1208 3893; baseline -0.009 -12"><span class='ocrx_word' id='word_1_406' title='bbox 92 3829 122 3893; x_wconf 88' lang='lat'>8,</span> <span class='ocrx_word' id='word_1_407' title='bbox 144 3831 161 3892; x_wconf 85' lang='lat'>§</span> <span class='ocrx_word' id='word_1_408' title='bbox 176 3829 201 3882; x_wconf 84' lang='grc'>8.</span> <span class='ocrx_word' id='word_1_409' title='bbox 229 3824 356 3879; x_wconf 87' lang='lat' dir='ltr'>Nonnulli</span> <span class='ocrx_word' id='word_1_410' title='bbox 371 3826 469 3892; x_wconf 60' lang='lat' dir='ltr'>limga</span> <span class='ocrx_word' id='word_1_411' title='bbox 492 3824 599 3886; x_wconf 68' lang='lat' dir='ltr'>nnat,</span> <span class='ocrx_word' id='word_1_412' title='bbox 616 3828 646 3875; x_wconf 82' lang='lat' dir='ltr'>ut</span> <span class='ocrx_word' id='word_1_413' title='bbox 664 3821 748 3875; x_wconf 86' lang='lat' dir='ltr'>solent</span> <span class='ocrx_word' id='word_1_414' title='bbox 767 3820 845 3874; x_wconf 88' lang='lat' dir='ltr'>etiam</span> <span class='ocrx_word' id='word_1_415' title='bbox 863 3837 913 3875; x_wconf 87' lang='lat' dir='ltr'>non</span> <span class='ocrx_word' id='word_1_416' title='bbox 928 3817 1024 3873; x_wconf 75' lang='lat' dir='ltr'>vetusd</span> <span class='ocrx_word' id='word_1_417' title='bbox 1042 3819 1070 3873; x_wconf 87' lang='lat' dir='ltr'>iu</span> <span class='ocrx_word' id='word_1_418' title='bbox 1085 3837 1208 3891; x_wconf 74' lang='lat' dir='ltr'>composa.</span> 
     </span>
     <span class='ocr_line' id='line_1_44' title="bbox 93 3892 864 3959; baseline -0.005 -12"><span class='ocrx_word' id='word_1_419' title='bbox 93 3895 165 3950; x_wconf 86' lang='lat' dir='ltr'>verbi</span> <span class='ocrx_word' id='word_1_420' title='bbox 181 3899 277 3949; x_wconf 81' lang='lat' dir='ltr'>iacere.</span> <span class='ocrx_word' id='word_1_421' title='bbox 314 3893 383 3947; x_wconf 81' lang='lat' dir='ltr'>Edd.</span> <span class='ocrx_word' id='word_1_422' title='bbox 398 3910 468 3959; x_wconf 74' lang='lat' dir='ltr'>rece.</span> <span class='ocrx_word' id='word_1_423' title='bbox 483 3892 709 3953; x_wconf 57' lang='lat' dir='ltr'>omnesatrus&#39;icit.</span> <span class='ocrx_word' id='word_1_424' title='bbox 861 3936 864 3943; x_wconf 94' lang='lat'>.</span> 
     </span>
    </p>

    <p class='ocr_par' dir='ltr' id='par_1_8' title="bbox 92 3954 1209 4177">
     <span class='ocr_line' id='line_1_45' title="bbox 131 3954 1209 4033; baseline -0.008 -14"><span class='ocrx_word' id='word_1_425' title='bbox 131 4004 134 4009; x_wconf 90' lang='lat'>-</span> <span class='ocrx_word' id='word_1_426' title='bbox 159 3968 176 4030; x_wconf 74' lang='grc'><strong>5</strong></span> <span class='ocrx_word' id='word_1_427' title='bbox 193 3967 222 4019; x_wconf 89' lang='grc'>9.</span> <span class='ocrx_word' id='word_1_428' title='bbox 237 3962 337 4033; x_wconf 83' lang='lat' dir='ltr'>putris]</span> <span class='ocrx_word' id='word_1_429' title='bbox 355 3961 460 4015; x_wconf 87' lang='lat' dir='ltr'>Addunt</span> <span class='ocrx_word' id='word_1_430' title='bbox 473 3965 493 4019; x_wconf 81' lang='lat'><strong>6</strong></span> <span class='ocrx_word' id='word_1_431' title='bbox 506 3959 643 4024; x_wconf 80' lang='lat' dir='ltr'>Gronosii,</span> <span class='ocrx_word' id='word_1_432' title='bbox 660 3954 793 4027; x_wconf 87' lang='lat' dir='ltr'>inquibus</span> <span class='ocrx_word' id='word_1_433' title='bbox 806 3956 906 4026; x_wconf 87' lang='lat' dir='ltr'>optimi,</span> <span class='ocrx_word' id='word_1_434' title='bbox 923 3959 1011 4021; x_wconf 76' lang='lat' dir='ltr'>crac,</span> <span class='ocrx_word' id='word_1_435' title='bbox 1027 3956 1118 4017; x_wconf 76' lang='lat' dir='ltr'>coti..</span> <span class='ocrx_word' id='word_1_436' title='bbox 1131 3957 1183 4010; x_wconf 86' lang='lat' dir='ltr'>Pra</span> <span class='ocrx_word' id='word_1_437' title='bbox 1202 3996 1209 4007; x_wconf 90' lang='lat'><strong>.</strong></span> 
     </span>
     <span class='ocr_line' id='line_1_46' title="bbox 92 4026 1178 4101; baseline -0.007 -14"><span class='ocrx_word' id='word_1_438' title='bbox 92 4050 148 4087; x_wconf 87' lang='lat' dir='ltr'>cnm</span> <span class='ocrx_word' id='word_1_439' title='bbox 160 4034 223 4088; x_wconf 87' lang='lat' dir='ltr'>edd.</span> <span class='ocrx_word' id='word_1_440' title='bbox 235 4036 319 4087; x_wconf 67' lang='lat' dir='ltr'>vetar</span> <span class='ocrx_word' id='word_1_441' title='bbox 330 4039 361 4085; x_wconf 70' lang='lat' dir='ltr'>&#39;et</span> <span class='ocrx_word' id='word_1_442' title='bbox 373 4048 460 4101; x_wconf 72' lang='lat' dir='ltr'>aecem</span> <span class='ocrx_word' id='word_1_443' title='bbox 468 4030 585 4096; x_wconf 71' lang='lat' dir='ltr'>scandar</span> <span class='ocrx_word' id='word_1_444' title='bbox 601 4028 648 4081; x_wconf 86' lang='lat' dir='ltr'>sed</span> <span class='ocrx_word' id='word_1_445' title='bbox 663 4028 691 4081; x_wconf 85' lang='lat' dir='ltr'>ia</span> <span class='ocrx_word' id='word_1_446' title='bbox 707 4042 759 4079; x_wconf 91' lang='lat' dir='ltr'>uno</span> <span class='ocrx_word' id='word_1_447' title='bbox 772 4031 872 4081; x_wconf 67' lang='lat' dir='ltr'>matum</span> <span class='ocrx_word' id='word_1_448' title='bbox 884 4026 1060 4097; x_wconf 74' lang='lat' dir='ltr'>Boagarsiano</span> <span class='ocrx_word' id='word_1_449' title='bbox 1075 4026 1150 4079; x_wconf 86' lang='lat' dir='ltr'>buius</span> <span class='ocrx_word' id='word_1_450' title='bbox 1163 4044 1178 4079; x_wconf 89' lang='lat' dir='ltr'>a</span> 
     </span>
     <span class='ocr_line' id='line_1_47' title="bbox 92 4093 1106 4177; baseline -0.013 -18"><span class='ocrx_word' id='word_1_451' title='bbox 92 4100 229 4167; x_wconf 66' lang='lat' dir='ltr'>ditcmerffi</span> <span class='ocrx_word' id='word_1_452' title='bbox 240 4099 380 4169; x_wconf 54' lang='lat' dir='ltr'>russina</span> <span class='ocrx_word' id='word_1_453' title='bbox 392 4098 562 4171; x_wconf 61' lang='lat' dir='ltr'>conspicitis,</span> <span class='ocrx_word' id='word_1_454' title='bbox 575 4114 661 4168; x_wconf 80' lang='lat' dir='ltr'>usque</span> <span class='ocrx_word' id='word_1_455' title='bbox 672 4095 747 4151; x_wconf 80' lang='lat' dir='ltr'>norit</span> <span class='ocrx_word' id='word_1_456' title='bbox 758 4094 833 4150; x_wconf 85' lang='lat' dir='ltr'>Vino.</span> <span class='ocrx_word' id='word_1_457' title='bbox 847 4096 946 4161; x_wconf 80' lang='lat' dir='ltr'>Bello&#39;v,</span> <span class='ocrx_word' id='word_1_458' title='bbox 959 4096 1013 4177; x_wconf 61' lang='lat' dir='ltr'>lv,</span> <span class='ocrx_word' id='word_1_459' title='bbox 1030 4114 1053 4151; x_wconf 85' lang='lat' dir='ltr'>c.</span> <span class='ocrx_word' id='word_1_460' title='bbox 1063 4093 1106 4153; x_wconf 86' lang='lat'>41.</span> 
     </span>
    </p>
   </div>
   <div class='ocr_carea' id='block_1_5' title="bbox 0 0 1333 4606">
    <p class='ocr_par' dir='ltr' id='par_1_9' title="bbox 0 0 1333 4606">
     <span class='ocr_line' id='line_1_48' title="bbox 0 0 1333 4606; baseline 0 0"><span class='ocrx_word' id='word_1_461' title='bbox 0 0 1333 4606; x_wconf 95' lang='lat' dir='ltr'> </span> 
     </span>
    </p>
   </div>
  </div>
 </body>
</html>
