2624 4606
44 200 243 329 'rrs
396 229 882 297 ··1usu1u1

128 390 203 451 used
224 408 299 469 pren
322 392 436 450 inveniri
453 408 545 466 porse,
573 390 622 465 qui
638 387 677 445 cd
697 385 823 445 barbaros
843 390 870 442 et
887 383 1011 461 ferorum
1030 400 1101 441 more
1122 385 1245 444 cicentes

126 477 265 539 limmire
279 495 297 534 a
311 476 512 550 comnguimir
524 472 615 532 uelit?
636 472 720 531 Tunc
731 490 749 529 a
762 471 862 546 regina
874 468 1024 544 castigati,
1046 471 1073 526 ri
1086 486 1137 545 pro
1152 468 1244 528 reluta

146 564 257 640 patriae
266 554 424 643 prperiorerr
437 562 523 616 citum
538 562 705 630 recusarent,
726 558 772 614 cui
782 558 864 615 mam
876 556 937 632 apro
949 557 1025 625 cdo,
1040 555 1066 610 ri
1079 571 1121 611 res
1134 556 1242 629 em'gut,

152 646 294 716 delectur,
323 645 399 720 regis
420 644 552 702 mandata
571 660 706 718 aperuere
726 641 872 712 dieentes,
900 657 970 717 quoe
986 640 1140 715 praecipiat
1160 639 1241 713 oliir,

23 784 27 790 .
124 733 205 809 bipri
212 728 346 808 saciuedu
359 747 430 800 erse,
451 731 478 785 ri
495 720 561 785 uelit
575 727 637 784 urii
649 725 796 784 amulium
811 742 873 783 erre.
909 723 979 782 flue
1000 722 1066 781 dolo
1085 728 1169 799 capta
1190 725 1242 783 diu

150 815 275 875 Acerbae
287 812 338 871 viri
348 813 461 872 nominc
472 832 534 871 curn
547 811 639 871 multis
654 810 772 869 lacrimis
790 817 819 869 et
835 808 1038 869 'lamentatione
1057 807 1144 886 flebili
1156 808 1242 868 invo-

108 906 112 915 '
149 904 213 958 cato
226 899 264 957 ad
275 905 444 976 postremum
458 900 560 959 itureae
574 916 618 969 re,
641 915 693 974 quo
706 914 771 953 sune
789 895 862 953 urbis
875 894 944 974 foto
956 893 1097 966 namnet,
1119 910 1240 972 responq

123 983 199 1042 adit.
243 982 275 1041 lu
287 982 341 1041 boc
352 983 436 1041 trium
447 983 582 1041 mensium
596 986 688 1039 sumto
701 982 807 1058 spatio,
826 998 898 1058 pyra
910 980 939 1037 iu
954 977 1052 1037 ultima
1065 984 1147 1056 parte
1159 979 1239 1039 urbis

126 1119 138 1133 ,,
149 1072 303 1138 neuneu,
329 1065 405 1127 velut
425 1067 565 1144 placatura
585 1067 634 1123 viri
646 1082 752 1125 manes
763 1066 938 1141 ,inferiasque
957 1068 1024 1122 aute
1041 1062 1155 1140 nuptias
1168 1063 1240 1123 nris-

124 1157 216 1211 7sura
229 1150 332 1210 inultas
352 1151 460 1211 hostias
470 1152 562 1211 caedit
581 1157 609 1209 et
627 1156 717 1211 sumto
732 1148 825 1229 gladio
840 1168 939 1228 pyram
957 1147 1240 1225 mnscmdiuotqoe

148 1237 189 1293 ita
207 1236 246 1295 ad
264 1235 395 1313 populum
419 1238 570 1314 respiciens
589 1238 693 1295 ituram
707 1254 736 1293 re
754 1234 792 1293 ed
813 1238 915 1307 simu,
943 1236 1014 1291 sicut
1033 1231 1249 1310 praeceperant*

123 1319 374 1396 admotumque
395 1319 490 1394 gladio
507 1321 604 1379 finivit
647 1320 788 1389 Quamdiu
808 1318 950 1395 Carthago
971 1316 1073 1375 invicta
1091 1318 1160 1392 fuit,
1181 1337 1237 1396 pro

122 1404 203 1464 ‘idm
212 1403 289 1463 crdta
300 1409 353 1464 est.
396 1404 519 1464 Condita
536 1412 580 1464 est
595 1404 660 1463 urbs
675 1405 744 1463 haec
756 1405 939 1482 septuaginta
951 1402 1060 1461 duobus
1072 1403 1153 1471 anais
1165 1410 1237 1463 aute
1291 1426 1295 1447 ·

107 1494 232 1564 loquum
247 1487 353 1546 Roma:
374 1490 451 1548 errius
465 1478 552 1549 virtus
565 1490 635 1547 sicut
647 1488 719 1548 bello
730 1488 803 1549 dara
815 1490 886 1563 fuit,
906 1490 950 1547 ita
959 1476 1035 1545 dorni
1048 1492 1137 1545 status
1148 1489 1250 1555 varim,

106 1577 138 1629 11
149 1572 346 1630 discordiarum
360 1573 468 1632 casibus
479 1576 601 1651 agitatus
613 1581 664 1633 est.
691 1574 762 1631 Com
778 1575 851 1633 inter
865 1581 958 1632 cetera
971 1570 1042 1629 mala
1056 1571 1138 1630 etiarn
1150 1578 1238 1649 peste

136 1655 324 1729 laborarent,
345 1663 460 1717 cruenta
481 1678 619 1718 semorum
640 1657 774 1732 religione
793 1664 821 1717 et
843 1657 947 1717 seclae
974 1674 1026 1734 pro
1046 1656 1171 1715 remedio
1188 1658 1235 1715 usi

40 1800 43 1805 ,
106 1744 225 1799 lisunt:
247 1742 353 1818 quippe
373 1741 500 1802 homiues
515 1751 547 1803 ut
567 1742 689 1802 victimas
706 1743 902 1814 immolabant,
924 1749 953 1803 et
966 1741 1138 1818 impuberes,
1155 1759 1234 1817 quae

147 1831 225 1882 aetas
241 1825 323 1883 etiarn
344 1825 463 1885 bostium
480 1828 696 1887 misericordiam
709 1835 857 1904 provocat,
885 1828 940 1886 aris
957 1824 1155 1898 admovebant,
1175 1840 1233 1902 pa-

103 1914 109 1929 ·
146 1927 206 1967 cern
223 1909 337 1967 deam
356 1912 492 1985 sanguiue
511 1932 606 1973 eorum
621 1919 821 1991 exposcentes,
841 1931 894 1991 pro
914 1929 1031 1988 quorum
1052 1910 1110 1968 rita
1124 1908 1164 1967 dli
1179 1929 1231 1967 ro·

147 1993 208 2067 gari
226 1995 345 2072 maxime
359 1995 460 2054 solent.
524 1998 528 2007 '
613 2070 616 2075 Ι
805 2002 813 2021 ’·

122 2082 135 2131 1
231 2076 292 2134 Vll.
316 2079 416 2155 ltaque
431 2078 559 2138 'adversis
580 2087 660 2138 tanto
682 2079 786 2141 scelere
805 2080 985 2151 numinibus,
1007 2099 1068 2138 eum
1086 2078 1114 2135 in
1131 2076 1233 2136 Sicilia

112 2156 116 2163 ¹
146 2161 194 2217 diu
209 2161 324 2220 feliciter
339 2162 533 2237 dimicassent,
555 2165 689 2223 translato
707 2166 737 2223 iu
757 2166 914 2223 Sardiniam
935 2163 1025 2238 bello,
1048 2163 1150 2221 amissa
1167 2180 1232 2222 ma-

119 2247 214 2303 iiore-
228 2248 361 2306 exercitus
383 2259 464 2324 parte
492 2251 568 2325 gravi
591 2248 699 2327 proelio
714 2251 779 2309 victi
797 2258 875 2308 sunt:
896 2256 1013 2327 propter
1033 2248 1110 2324 quod
1129 2248 1233 2309 ducem

144 2348 225 2392 suum
240 2328 412 2406 Maternae
434 2335 511 2393 cuius
528 2335 656 2413 auspiciis
671 2341 700 2394 et
712 2333 821 2393 Siciliae
833 2342 942 2414 purtem
958 2336 1121 2394 domuerant
1134 2340 1163 2392 et
1176 2334 1231 2392 ud·

227 2449 243 2482 ⁸
274 2448 397 2512 Maleum

101 2574 310 2587 ----—.....

147 2656 151 2665 “
170 2651 187 2712 5
204 2645 230 2702 4.
266 2650 496 2717 consultantem]
520 2649 567 2702 Sic
592 2649 667 2704 codd.
688 2669 775 2705 ornnes
800 2659 907 2721 praeter
923 2654 939 2706 5
958 2657 1089 2704 correctos
1107 2650 1231 2704 Gronov.

99 2720 127 2768 'et
145 2717 239 2784 Prag„
255 2720 294 2771 uti
312 2719 440 2772 sententia
456 2718 577 2789 postulet.
614 2720 713 2788 Vulgus
730 2725 882 2775 comitam.
917 2720 1092 2788 Wopkensius
1108 2737 1125 2773 c
1143 2720 1232 2776 cuuis

99 2787 252 2838 montrum.
278 2788 402 2840 Elissa
418 2789 468 2841 boc
483 2790 511 2844 d.
528 2816 562 2828 -
579 2787 670 2842 Paullo
688 2797 749 2843 rute
766 2792 864 2843 Goon:
881 2791 1008 2842 docentes.
1194 2803 1196 2807 ’

167 2854 227 2918 55,
261 2871 326 2908 nuuc
342 2857 429 2924 urbia]
448 2856 494 2909 stc
510 2856 597 2926 Bong,
616 2858 673 2910 siue
690 2876 716 2911 v.
734 2859 752 2914 l.
770 2868 799 2911 ct
814 2863 831 2914 9
848 2858 924 2914 codd
942 2860 1077 2925 Grcucr.;
1098 2874 1168 2911 neve
1186 2859 1231 2911 ci·

97 2920 189 2975 icadas
206 2922 234 2974 ln
250 2923 419 2978 collocatione
436 2927 592 2990 verborum,
608 2943 673 2980 suus
689 2944 745 2981 cum
762 2926 790 2979 vi
807 2927 904 2981 dictum
927 2945 975 2997 pro
992 2944 1071 2991 cara,
1095 2944 1164 2997 quae
1182 2944 1232 2983 cuz

96 3007 143 3044 rae
160 2991 285 3062 cordique
300 2992 352 3046 sibi
369 2999 447 3051 essct.
482 2992 581 3062 Vulgo:
606 3013 656 3064 quc
673 3013 722 3051 run
738 3005 765 3051 et
781 2999 853 3062 urb„
880 3005 910 3049 ut
926 2996 985 3051 edd.
1004 3003 1087 3060 vett,
1105 2998 1126 3052 ὃ
1141 2997 1230 3051 intar-

96 3059 179 3129 pclatl
197 3060 329 3130 Gronov„
344 3062 444 3128 (totu,
462 3063 496 3117 l’r
533 3100 552 3127 .,
571 3061 648 3117 Grac.
722 3107 726 3113 .
751 3097 761 3111 -

164 3132 181 3194 5
199 3132 225 3184 6.
260 3133 411 3200 cestrum]
430 3131 493 3184 Mas.
536 3149 612 3201 ung„
628 3133 646 3187 5
665 3133 798 3187 Gronau:
816 3136 967 3202 irratsrrecto.¹

164 3200 224 3263 59.
258 3201 432 3270 septinginta
455 3201 552 3255 duobua
578 3201 651 3270 σπι]
678 3218 703 3254 a.
721 3203 756 3256 U.
774 3220 798 3255 c.
825 3203 843 3255 i.
869 3222 893 3256 e.
918 3206 970 3258 825
988 3221 1012 3256 a.
1030 3201 1083 3266 c.;
1112 3201 1161 3257 sed
1180 3202 1227 3255 alil
1256 3226 1259 3231 ·

94 3264 188 3328 alitent
205 3284 232 3320 r.
246 3267 374 3338 Burgars.
394 3277 421 3322 et
438 3269 561 3321 Bernecu
581 3270 596 3321 h
613 3269 631 3322 l
645 3279 673 3324 et
688 3271 785 3340 Hepuii
802 3271 869 3333 llxc.
887 3273 900 3326 l
918 3273 952 3326 ad
962 3272 1037 3341 Virg.
1054 3270 1163 3325 Aeneid.
1177 3270 1226 3325 lV.

162 3335 266 3406 Romu]
283 3338 370 3391 Periz.
390 3347 417 3391 et
434 3337 527 3391 Bodlr
545 3340 621 3393 Atta.

54 3460 64 3473 .
163 3407 240 3467 t1a.
275 3407 391 3461 bominac
407 3415 437 3460 ut
452 3409 515 3459 ciet.
533 3407 607 3475 cett]
626 3407 657 3459 V.
675 3407 740 3463 loeo.
760 3417 825 3462 vett.
843 3419 949 3479 practer
966 3417 1019 3462 not.
1038 3410 1163 3477 Bernecu
1179 3428 1222 3494 ap.

93 3470 239 3539 Tiraquell.
257 3477 290 3528 ad
308 3476 381 3528 Alex.
399 3477 432 3528 ab
451 3477 524 3528 dle'x.
543 3474 578 3527 D.
604 3476 699 3544 genial
716 3478 770 3544 Vl,
788 3478 838 3543 26,
864 3479 953 3531 luudd.
977 3479 1101 3550 liuperto
1121 3478 1155 3533 ad
1171 3480 1222 3533 Sil.

92 3537 140 3604 lV,
158 3542 225 3600 767³
244 3543 372 3598 Boettloh.
394 3546 484 3597 Gcrcb.
500 3563 524 3595 c.
547 3545 637 3601 cont.
655 3565 681 3616 p.
698 3549 730 3600 81
750 3563 789 3617 sq.

163 3608 194 3663 0.
212 3611 270 3665 Vll.
296 3617 356 3679 51.
392 3613 525 3679 adversis]
544 3613 589 3666 Sic
607 3615 744 3683 bongarsii
762 3634 862 3681 omues,
890 3615 978 3669 Orosii
995 3616 1170 3682 vetustiores,
1195 3627 1225 3672 et
1282 3674 1290 3688 ,

94 3677 176 3759 ceteri
194 3689 299 3747 praeter
316 3681 392 3767 utcu
405 3685 438 3744 2,
463 3682 545 3738 Dorv.
565 3685 640 3764 ¹22²
668 3684 765 3767 Goth„
793 3687 890 3754 Prag‚
916 3686 993 3740 Crac.
1018 3697 1046 3739 et
1062 3687 1120 3770 edd.
1139 3695 1223 3740 vettr
1256 3706 1260 3714 ’

72 3747 1223 3893 -titt?iitlrtt'c’tlitlinliiiiii,dotteddidisti,'lt

91 3891 158 3934 tera
176 3891 261 3938 autern
277 3887 315 3941 ita
332 3889 391 3957 capi
409 3889 499 3941 debet:
524 3908 580 3942 corn
597 3902 671 3945 tanto
688 3893 786 3945 scelere
803 3910 896 3946 aversa
913 3910 928 3945 a
947 3893 1222 3964 Carthaginien·
1256 3947 1259 3952 .

93 3952 195 4005 sibus
214 3955 315 4007 numina
332 3965 434 4020 esseut,
453 3975 518 4010 non:
537 3961 637 4013 aversis
657 3979 673 4012 a
691 3971 763 4014 terito
780 3964 877 4015 scelere
893 3979 919 4016 n.

156 4024 289 4089 feliciter]
308 4025 444 4078 Nonnulli:
461 4029 618 4093 infeliciter,⁸
642 4030 724 4095 male;
742 4049 768 4083 v.
786 4033 911 4099 Bougers.
961 4072 965 4077 .

159 4094 218 4157 §2-
255 4093 379 4162 Maleum]
399 4095 445 4147 Sic
463 4113 551 4149 ontues
569 4099 705 4168 Buugarsii
723 4110 829 4171 praeter
846 4120 924 4156 uuum
940 4102 1080 4169 exhibent,
1099 4105 1223 4176 (ἶιοιιοῖ.ι
