2624 4606
105 234 170 307 rer
470 184 879 309 rar-sarar

104 383 312 463 raterium
328 381 518 463 Pamphyliam
528 378 692 455 Numa,-
713 378 1016 454 manaucate,
1036 379 1160 458 Lydiam
1174 381 1240 449 iae·

101 470 256 535 'inuade
268 471 429 530 sortiatur.
469 465 600 528 Leonato
620 466 713 525 minor
730 465 853 543 Phrygia
869 467 980 537 evenit3
1002 465 1126 529 Thracia
1145 475 1176 529 et
1193 488 1242 534 re·

107 592 130 619 .-,
150 555 250 633 grone
262 552 373 615 Pontici
387 553 471 613 maria
483 550 665 628 Lysimachor
685 550 869 630 Cappadocia
885 570 948 611 enen
964 550 1169 631 Paphlagonia.
1180 554 1240 619 Eu-
1270 601 1273 605 ,

110 640 225 703 timeri
242 638 337 703 data.¹
359 638 488 697 Summae
512 642 666 695 metrorum
686 635 843 697 mibanabm
855 634 996 711 samse,
1022 634 1153 697 Aubocbi
1170 640 1240 716 dte,

109 730 143 784 18
150 722 243 803 cessit.
284 721 472 804 stipatoribus
485 722 559 797 regis
575 719 791 797 satellitibusque
804 721 977 793 Cassander,
999 719 1072 779 lilius
1086 720 1241 802 Antipatri,

54 823 57 831 “
109 810 143 867 19
150 806 315 888 praeficitur.
352 807 391 871 ,ln
402 807 552 867 Bactrim
564 805 695 865 ulteriore
710 810 740 865 et
753 805 850 864 Indiae
863 805 1023 883 regionibns
1036 807 1145 884 priores
1156 828 1241 887 prae-

107 893 216 954 20lecti
229 893 340 953 retenti.
381 890 489 955 Terras
502 891 577 951 inter
593 908 690 951 amnes
708 889 873 970 Hydaspem
894 895 925 950 et
941 888 1043 951 indum
1058 889 1087 952 T
1087 890 1176 954 axile·
1189 895 1241 955 ba-

109 1109 250 1179 Alexandri
266 1109 352 1174 dacos,
368 1105 420 1163 lno
437 1105 538 1161 servari
554 1120 628 1177 posse
647 1105 671 1159 C
702 1122 718 1158 o
735 1105 826 1175 (litera
842 1108 865 1161 S
881 1123 897 1160 a
913 1106 1090 1179 praecedente
1106 1124 1173 1164 voce
1192 1108 1241 1164 ad-

108 1180 225 1248 haeait),
249 1178 378 1232 Graevius
403 1183 461 1247 post
481 1175 645 1230 Perizoninm
686 1174 773 1241 ocutr3
805 1193 831 1229 v.
848 1192 930 1245 snpra
949 1175 982 1230 ad
999 1176 1030 1242 1,
1047 1176 1080 1243 6,
1096 1180 1115 1245 s
1131 1181 1157 1233 2.
1194 1179 1241 1233 Sic

18 1256 23 1265 “
111 1248 210 1303 diserte
225 1265 291 1301 nnus
307 1248 390 1316 Bnng.
408 1247 444 1300 At
459 1250 531 1299 recte
548 1243 769 1298 animadvertente
784 1244 949 1299 Berneccero
967 1247 1068 1302 Coeum
1085 1246 1164 1300 etiarn
1180 1254 1241 1302 ante
1270 1264 1273 1268 ·

110 1316 283 1373 Alexandrum
300 1315 417 1380 obierat3
441 1331 468 1370 v.
485 1308 643 1369 arannem.
662 1313 696 1366 ad
713 1314 832 1367 Curtium
849 1313 907 1379 lx,
921 1316 957 1379 3,
974 1318 992 1381 s
1008 1316 1053 1372 20.
1086 1314 1241 1387 intelligen-

111 1386 257 1455 derigitur
274 1384 325 1439 erit
342 1384 405 1438 alins
423 1383 516 1454 aliquis
535 1383 615 1449 Caeni
638 1381 682 1435 vel
701 1383 766 1452 Cyni
784 1382 904 1447 nomine3
935 1400 994 1439 naor
1011 1391 1101 1438 certae
1119 1384 1240 1447 emenda·

112 1455 190 1509 donis
207 1460 284 1507 notae
301 1454 345 1506 hic
359 1469 487 1524 apparere
504 1470 590 1504 onnes
606 1450 738 1505 videntur.
763 1451 862 1505 Eadem
879 1452 937 1506 fere
952 1454 1020 1507 bene
1036 1453 1158 1525 exposuit
1170 1454 1240 1509 Dra·

113 1525 253 1590 kenboreh.
266 1522 305 1577 'ad
321 1521 379 1576 Lir.
396 1521 493 1586 XLIV,
510 1522 561 1585 ³5,
578 1524 596 1586 5
615 1525 658 1577 10
721 1527 729 1535 ’

182 1610 257 1676 §15.
292 1610 401 1678 Ityeinrn
418 1614 445 1662 et
457 1607 642 1675 Pamphyliam
660 1605 806 1675 Nemetae]
825 1606 861 1661 rr
878 1605 928 1660 hae
944 1606 1094 1677 provinciae
1112 1624 1169 1662 cnm
1187 1625 1241 1663 rna·

115 1680 171 1734 iore
189 1678 304 1747 Phrygia
320 1677 381 1731 An'
402 1694 450 1730 ono
468 1676 582 1730 traditae
599 1681 674 1728 erant
690 1683 718 1729 et
730 1675 846 1730 Nearchi
863 1675 891 1729 in
907 1676 1034 1732 divisione
1048 1676 1242 1748 provinciaram

116 1748 250 1815 anemine
268 1747 362 1799 mentio
399 1753 419 1800 t.
453 1744 576 1798 Correxit
591 1744 671 1815 igitur
688 1745 827 1814 Bongerr.=
844 1747 1053 1816 e-adsignatur
1069 1764 1140 1801 cam
1158 1748 1242 1814 hyac

115 1826 143 1873 et
152 1817 326 1884 Pamphyliae
344 1816 451 1869 Cariam
467 1821 528 1869 cett.
548 1814 612 1867 Cum
624 1812 650 1865 in
663 1830 741 1867 excer
760 1815 792 1867 tis
806 1814 921 1884 Derippi
935 1815 1024 1882 (Phot.
1038 1815 1241 1874 eodLllXXll.

66 1886 69 1897 '
117 1904 144 1956 p.
160 1885 196 1942 64
219 1884 316 2006 Bekkp
340 1885 474 1953 legissem:
509 1882 648 1935 Φιλίππου
673 1876 703 1935 dl
728 1833 765 1952 nlla
791 1876 861 1951 α’ρχὴ
888 1881 1071 1952 Σογδιαναὶ.
1095 1922 1103 1937 .
1127 1921 1135 1935 .
1160 1924 1167 1938 .
1193 1882 1241 1939 nal

118 1954 289 2010 Naonrol
317 1970 386 2020 μου
409 1951 624 2021 Καρμανία,
649 1969 682 2004 ne
704 1952 803 2019 periret
825 1968 876 2005 vox
900 1955 1051 2018 Nearchus,
1074 1953 1191 2025 rogitavi
1208 1954 1242 2010 de

117 2027 167 2079 bec
184 2022 378 2085 emendationes
396 2023 596 2092 vadrignatar
613 2039 679 2075 cum
698 2023 730 2074 L.
748 2030 774 2076 et
788 2021 838 2085 P.,·
856 2021 991 2076 Nearchus
1010 2024 1240 2091 Carmaniam,

119 2094 227 2148 Coriar'n
245 2098 306 2145 cett
322 2086 326 2098 '
342 2093 485 2146 Carmania
507 2098 615 2161 propter
639 2108 693 2174 seq.
709 2093 803 2144 vocab.
826 2090 948 2145 excidere
964 2096 1086 2163 poteretr
1109 2100 1138 2147 ot
1155 2095 1243 2147 Near-
1285 2132 1288 2139 -

119 2164 194 2217 oham
211 2178 258 2232 pro
277 2161 445 2231 Neoptolemo
462 2161 495 2214 ab
512 2160 609 2214 Iustino
627 2165 739 2228 positam
763 2178 819 2214 esse
838 2161 964 2214 credibile
988 2167 1044 2226 est,
1074 2167 1105 2215 at
1121 2161 1166 2232 qui
1183 2179 1243 2216 ser·

119 2238 195 2286 oeata
218 2229 282 2283 talla
305 2229 498 2300 permutaverit.
534 2229 588 2283 Sed
612 2229 749 2283 videndum
771 2246 805 2282 ne
832 2247 905 2283 error
928 2230 962 2283 sit
986 2228 1054 2299 apud
1082 2231 1244 2301 Dexippum

118 2318 178 2355 nam
198 2301 359 2368 diepolenm,
376 2317 427 2353 non
444 2299 622 2369 Neoptolemo,
639 2297 802 2352 Carmaniam
820 2298 914 2351 tribuit
925 2298 1069 2367 Diodorus,
1086 2317 1163 2369 quam
1180 2318 1244 2370 pro·

119 2370 230 2425 vinciam
246 2368 314 2423 idem
330 2370 495 2440 Tlepolemus
512 2370 539 2422 in
554 2368 638 2421 altera
654 2366 781 2420 divisione
798 2366 933 2423 retinuisse
957 2369 1046 2436 potins
1067 2386 1143 2437 quam
1167 2386 1244 2424 acec-

139 2439 190 2492 irse
208 2439 327 2505 videtur3
352 2457 377 2492 v.
395 2437 496 2492 Arriam.
514 2455 557 2506 ap.
576 2437 650 2492 Phor.
674 2453 700 2505 p.
718 2438 762 2492 71.
786 2435 830 2489 lin.
847 2439 883 2493 32
899 2436 982 2495 neit.
1016 2437 1118 2490 Deinde
1134 2436 1252 2492 Latino·>

120 2457 244 2561 barbarus
261 2508 398 2576 chronogr.
416 2525 442 2576 p.
460 2509 509 2562 73:
529 2506 696 2559 Germaniam
714 2505 791 2573 (sens
811 2506 912 2575 Carne.)
928 2512 1115 2561 ostentatam
1136 2507 1245 2573 tripto-

120 2579 187 2629 lemo
204 2577 328 2640 donarit,
345 2576 362 2627 i.
382 2594 405 2629 e.
426 2577 587 2643 Tlepolemo,
609 2581 639 2627 nt
655 2574 787 2627 Cedrenns
799 2575 866 2642 yet.
882 2575 903 2630 Ι.
942 2614 949 2629 .
967 2576 1032 2631 165³
1053 2569 1245 2639 Τριπτόλεμος

122 2643 258 2712 Περσίδος
269 2662 320 2712 -pro
342 2647 486 2714 tlepolemo
506 2643 563 2696 coll.
579 2643 626 2695 inf.
645 2647 661 2707 ς
679 2645 729 2706 23,
747 2643 792 2696 ubi
810 2651 896 2699 tamen
914 2594 1013 2713 dionot
1029 2640 1104 2695 codd.
1124 2640 1243 2709 Neopto·

122 2716 209 2766 lernae.
241 2712 336 2779 (Cani.
354 2714 387 2769 V.
404 2713 435 2770 1..
453 2712 488 2765 ad
504 2713 540 2776 ΙΙ,
558 2715 589 2776 6,
608 2716 624 2776 ἓ
645 2711 702 2780 12.)
738 2713 770 2763 V.
789 2712 865 2766 etiam
888 2712 1045 2767 Freinshem.
1063 2708 1097 2763 ad
1114 2708 1188 2764 Cart.
1206 2709 1242 2774 X,

83 2818 88 2825 -
123 2786 182 2903 '1313
191 2784 205 2836 1
230 2799 250 2833 s.
264 2788 374 2904 utrppae
390 2799 416 2904 p
439 2808 474 2821 -
507 2782 569 2835 Mss.
592 2781 695 2850 Bong.,
719 2781 888 2838 2Granov.=
913 2777 1241 2852 ammonentem).

184 2854 290 2903 .vett.=
346 2869 391 2904 arc
409 2869 448 2904 ae.
560 2880 563 2888 ·

193 2935 356 3003 mosander]
380 2935 431 2989 imo
450 2935 623 3003 Asander,
640 2927 807 3006 Ἀσααδροςς
840 2953 867 2993 v.
886 2943 945 3007 post
960 2935 1121 2991 Freinshem.
1137 2932 1246 2987 Wesee·

124 3004 186 3072 ling.
204 3005 238 3057 ad
254 3005 360 3058 Diodor.
379 3000 484 3069 XVIll',
500 3007 544 3060 39.
562 3024 602 3058 nr.
618 3008 671 3070 393
704 3007 749 3060 sed
767 3007 882 3075 vulgaris
899 3010 939 3058 eet
957 3013 986 3059 ct
1008 3006 1059 3059 ianr
1080 3003 1247 3058 ueteribus

125 3075 257 3129 commissa
274 3074 446 3144 permutatio,
463 3092 543 3145 quare
560 3074 725 3144 reliquimus3
743 3077 778 3130 ci.
797 3077 915 3130 Gronov.
932 3093 959 3145 p.
977 3075 1040 3131 866.
1078 3106 1081 3111 ,

170 3163 208 3281 ’ξ
228 3161 269 3215 16.
306 3160 388 3245 θαρρῖ
407 3179 428 3216 c.
445 3161 591 3246 Paphiam]
609 3159 657 3213 καὶ
675 3154 729 3244 ὅσα
746 3160 799 3214 cori
818 3156 935 3242 Hdveoa
952 3159 1010 3245 τοῦν
1025 3155 1164 3226 Εὐξείνου
1182 3154 1247 3246 opin-

18 3264 23 3273 ι
124 3247 178 3298 ορα
209 3245 267 3281 στιν
285 3224 331 3282 ἐπὶ
348 3233 431 3283 πολιν
450 3230 564 3282 Ελλαδα
584 3231 798 3298 Τραπεζοαατα,
817 3231 972 3283 Eremmon
991 3246 1127 3299 amomon.
1144 3230 1248 3284 Amen.

187 3299 276 3421 pipern]
300 3300 379 3364 „rive
392 3300 482 3370 potine
499 3302 608 3365 dicta,“
629 3300 709 3355 Corn.
732 3301 801 3371 Nep.
820 3301 847 3353 in
870 3297 944 3351 Eam.
961 3315 985 3350 c.
1003 3300 1030 3352 2.
1066 3299 1163 3351 (iotha
1190 3299 1264 3351 Ea-v

87 3498 91 3504 .
125 3385 210 3520 m5
224 3407 271 3509 lt.
305 3455 467 3523 tribuantur]
487 3456 667 3524 praefectura3
685 3472 710 3514 r.
729 3456 866 3509 Burmann.
885 3451 919 3506 ad
935 3450 1028 3507 Vellei.
1046 3451 1105 3504 Pat.
1124 3450 1168 3517 ll,
1187 3450 1248 3509 104.

125 3522 269 3577 Diodorus:
288 3520 425 3591 ἱππαρχία
442 3523 499 3577 eoin
512 3519 629 3591 ἑταιρῶν
642 3516 713 3578 οὖσα
725 3518 941 3592 ἐπιφανεστάτη.
959 3522 1001 3575 cf.
1012 3520 1124 3593 Appiam.
1134 3522 1195 3592 Syr.
1203 3522 1248 3579 57.
1281 3589 1286 3596 =

27 3634 42 3648 κ
126 3591 156 3643 In
175 3592 370 3660 Hephaestionis
387 3592 470 3660 igitur
487 3601 513 3644 et
530 3592 671 3648 Perdiccae
687 3595 768 3647 locum
785 3592 914 3647 successit.

81 3682 84 3687 '
195 3680 212 3741 ἓ
231 3679 272 3730 19.
306 3677 419 3746 retenti]
438 3678 517 3732 Multi
534 3679 631 3749 Berge
649 3682 750 3734 detenti
756 3698 766 3743 3
783 3679 830 3733 sed
846 3680 912 3733 haec
929 3678 997 3733 inter
1012 3696 1041 3734 se
1053 3676 1250 3751 permutantur

32 3801 38 3809 ,
127 3761 152 3799 v.
169 3745 300 3799 Drakenb.
318 3747 350 3800 ad
364 3740 475 3801 Isiu-V.
494 3747 541 3800 IV.
558 3751 674 3819 p.1089.

195 3835 212 3896 ἓ
228 3834 272 3886 20.
307 3833 354 3885 Sia
369 3833 444 3888 etiam
462 3836 561 3889 uarat
577 3837 613 3889 da
629 3838 739 3904 Bocoge
754 3833 782 3887 io
799 3851 892 3904 mappa
909 3850 1000 3903 geogr.
1017 3831 1052 3885 ad
1068 3834 1097 3885 S.
1117 3833 1145 3885 C.
1163 3832 1250 3887 esna

125 3900 236 3968 critique
260 3901 321 3953 cett.
347 3901 492 3970 delineata,
527 3910 557 3957 ut
580 3921 613 3957 ex
642 3903 810 3973 scriptoribus
839 3905 964 3957 efficitur.
1012 3902 1100 3960 Falso
1115 3900 1251 3970 Dexippus

125 3968 219 4034 (Phot.
237 3971 279 4023 82.
299 3987 323 4038 p.
341 3971 390 4040 64)
408 3973 475 4027 hanc
492 3978 603 4027 tractam
620 3975 689 4026 Poro
706 3972 807 4027 tribuit.
825 4002 857 4013 -
875 3976 893 4028 8
911 3974 1005 4037 codd,
1029 3971 1056 4024 in
1074 3969 1168 4040 quibus
1184 3986 1251 4023 anus
1282 4031 1293 4041 ¹

128 4038 212 4106 Bong.
229 4045 257 4090 et
274 4039 372 4105 Goth,
391 4059 454 4105 cnm,
465 4043 557 4097 otor:
576 4045 672 4105 Sernes
690 4042 749 4095 edd.
768 4047 848 4098 vett:
865 4045 955 4107 Seree,
974 4041 1020 4112 qui
1037 4039 1111 4095 baias
1127 4037 1179 4094 toci
1196 4054 1250 4096 aaa

124 4115 211 4161 aunt.⁴
229 4107 363 4163 Grannona
378 4111 538 4182 Hydaspen,
554 4111 744 4188 aemio-node,
767 4112 882 4184 quanvis
900 4113 942 4167 ita
956 4111 1041 4168 Gara
1104 4166 1107 4171 ,
1186 4126 1190 4131 ’
