2624 4606
24 266 189 339 ,Μ
480 253 993 323 luerint*

156 422 187 484 3.
209 417 333 496 Philippi
352 418 438 475 abtas
459 421 485 473 ct
505 415 569 473 belli
589 420 738 492 apparatur
764 414 892 472 aduam
913 413 1073 488 Romanos,
1102 410 1197 473 Gallis
1214 415 1251 474 ad

210 505 289 561 buius
309 503 372 560 belli
390 504 540 560 societatem
559 504 717 578 pertractio:
742 499 776 557 de
799 518 913 577 numm
940 501 1148 576 migrationibus
1169 501 1251 559 rubii·

171 630 174 635 -
210 592 280 646 citur
300 590 430 647 mantia.
1234 610 1237 619 ·

156 673 312 737 4.·Belluin
338 672 408 730 inter
436 669 563 727 Prusiam
590 675 616 727 ct
644 668 812 740 Eumenem,
847 672 878 726 r'n
907 688 958 746 qua
980 667 1146 727 Hannibalis
1175 688 1251 746 opaca

109 802 119 811 .
209 758 324 816 Hucine
339 759 455 834 cooperiar
476 754 577 813 coedit.
621 750 695 811 Pace
719 757 787 812 inter
806 765 882 830 reges
903 758 1011 811 sanata
1034 753 1155 812 Romans¹
1170 750 1250 812 Han-

207 843 319 901 mbulem
344 846 544 919 persepcuntcr.
587 838 618 896 lc
638 839 733 895 laudo
762 858 857 897 omma
886 839 1042 914 legationem
1062 844 1158 903 morte,
1171 858 1249 918 prac-

206 931 288 987 ncns't.
323 926 485 986 Adiunctum
506 923 630 985 dardan,
643 923 807 982 Bambalio
828 924 951 1000 elogium

581 1116 788 1132 -fi--n—dn-nnh

143 1259 159 1311 1
244 1252 267 1311 1.
288 1224 416 1325 Aeon,
436 1251 486 1327 qur
504 1248 669 1309 sacoma
687 1252 716 1308 o
735 1251 807 1309 seru
819 1250 948 1308 nomm
967 1242 1153 1327 rapuerat,
1175 1250 1248 1309 aaa

76 1336 79 1341 ’
164 1337 263 1395 eodem
278 1335 330 1393 soli
348 1337 479 1396 adversus
493 1336 635 1394 Romanos
651 1343 681 1394 et
695 1337 798 1394 viribus
813 1338 932 1412 impares
949 1340 977 1393 et
994 1337 1068 1392 omni
1080 1334 1184 1392 cundia
1198 1334 1249 1394 de-

139 1421 251 1479 astituri
264 1428 469 1480 remanserunt:
491 1440 542 1479 nec
558 1421 644 1479 multo
663 1428 727 1498 post
740 1422 802 1478 victi
824 1420 995 1491 libertatem,
1013 1439 1096 1494 quam
1115 1419 1248 1478 illibatam

164 1506 296 1564 adversus
313 1507 531 1564 dominationem
543 1505 752 1565 Atheniensium
767 1513 795 1563 ct
807 1507 1005 1583 Spartanorum
1017 1506 1088 1562 inter
1102 1511 1145 1561 tot
1156 1505 1248 1563 Grae-

137 1591 222 1648 3ciae
244 1592 370 1648 civitates
393 1588 444 1647 soli
472 1591 662 1663 retinuerant,
698 1591 859 1648 amiserunt.
911 1591 991 1657 Quae
1019 1589 1143 1646 conditio
1168 1594 1247 1646 tarrto

163 1677 282 1732 amarior
295 1675 364 1745 illis,
387 1680 491 1750 quanto
511 1676 598 1732 serior
614 1677 683 1747 ont,
705 1676 896 1752 reputantibus
915 1684 1042 1750 tempora
1059 1673 1122 1743 illa,
1144 1674 1248 1749 quibus

162 1760 249 1816 tantis
264 1758 410 1815 Persarum
425 1759 524 1834 opibus
543 1760 700 1817 domesticis
719 1760 821 1816 viribus
839 1761 1011 1827 restiterant3
1032 1759 1132 1831 quibus
1145 1757 1246 1814 Gada-

117 1852 123 1863 ‘
162 1861 223 1900 rum
240 1842 397 1900 violentiam
414 1841 496 1900 Asiae
512 1843 663 1918 italiaeque
676 1843 832 1903 'terribilem
848 1843 982 1921 Delphico
997 1842 1068 1901 hello
1087 1843 1245 1917 fregerant:

163 1945 236 2002 quae
249 1926 371 2002 gloriosa
385 1927 538 1986 recordatio
553 1929 581 1985 in
595 1930 682 1986 maius
695 1930 862 1987 desiderium
877 1927 1011 1986 libertatis
1027 1927 1160 2002 augebat.

137 2010 155 2068 4
247 2013 320 2073 Dum
335 2012 403 2071 haec
415 2019 548 2087 aguntur,
570 2014 663 2072 medio
677 2020 803 2090 tempore
817 2016 888 2072 inter
902 2013 1057 2071 Messenios
1075 2017 1102 2069 ct
1116 2010 1245 2070 Achaeos

135 2096 196 2177 bde
210 2097 365 2174 principatu
379 2097 468 2175 primo
483 2098 634 2170 dissensio,
656 2118 720 2156 mox
732 2098 833 2156 bellum
855 2103 946 2155 orturn
960 2103 1012 2154 est.
1049 2094 1081 2153 ln
1095 2115 1129 2154 eo
1144 2094 1245 2153 nobilis
1265 2130 1268 2134 -

160 2180 333 2241 Achaeorum
344 2181 543 2261 Philopoemen
556 2184 706 2262 imperator
720 2185 841 2261 capitur:
854 2202 909 2240 non
925 2181 989 2258 quia
1003 2180 1157 2258 pugnando
1170 2179 1254 2238 vitae'

160 2266 330 2345 pepercerit,
352 2266 420 2339 sed,
442 2267 506 2325 dom
525 2287 589 2325 suos
605 2269 634 2325 in
656 2266 788 2345 proelium
810 2274 943 2338 revocat,
965 2265 993 2323 in
1012 2266 1129 2325 transitu
1150 2266 1245 2325 fossae

134 2356 234 2428 bequo
251 2352 449 2429 praecipitatus
472 2352 680 2411 amultitudine
695 2353 814 2411 hostium
833 2370 982 2429 oppressus
1002 2356 1054 2410 est.
1096 2349 1189 2416 Quem
1204 2353 1244 2407 ia-

161 2443 266 2495 centem
278 2435 411 2495 Messenii
423 2455 471 2495 seu
481 2443 558 2496 mete
572 2437 678 2495 vinulis
692 2436 736 2496 rel
747 2439 913 2496 verecundia
928 2435 1072 2512 dignitatis
1086 2434 1246 2494 interficere

118 2576 326 2600 ...Ἴ-...-

185 2651 258 2706 c.1.
287 2653 304 2715 §
327 2652 353 2703 2.
394 2649 477 2716 ulad]
502 2662 550 2717 par
574 2650 611 2702 Μ.
627 2650 755 2702 Fulvium
780 2650 939 2704 Nobiliorem
964 2651 1041 2715 (lose
1076 2649 1111 2702 U.
1128 2666 1154 2702 a.
1171 2649 1244 2713 5633

116 2737 140 2773 a.
157 2720 190 2773 G.
210 2721 268 2775 189.
304 2719 345 2770 De
364 2734 453 2770 eorum
471 2718 580 2772 miseriis
598 2726 625 2772 ct
641 2720 721 2772 illatis
737 2719 782 2773 illo
798 2729 914 2790 tempore
932 2720 1032 2774 iniuriis
1049 2719 1243 2788 ascriptarum

116 2789 187 2842 loaos
205 2805 249 2857 up.
266 2786 366 2839 Christ.
385 2787 482 2840 Lucem
507 2806 532 2857 p.
552 2791 603 2844 132
620 2806 660 2858 sq.

185 2873 203 2941 δ
220 2872 246 2928 3.
281 2873 433 2926 restiterant
449 2870 651 2943 -sregeront]
670 2874 716 2927 Sic
733 2868 816 2945 Bono.
832 2876 888 2929 sine
904 2894 929 2928 v.
948 2876 982 2938 1.,
1006 2879 1072 2927 vett.
1090 2871 1150 2926 edd.
1169 2879 1244 2925 recte

115 2947 192 2999 etex
215 2956 285 2994 more
307 2941 409 2995 lostinl.
457 2940 550 3010 Prag.:
577 2945 730 2998 restiterunt
749 2974 778 2983 -
796 2946 957 3016 fregeremt3
987 2952 1142 3013 postremum
1164 2940 1243 2994 ctiam

72 3058 77 3065 ,
113 3009 456 3135 i‘ldadtimdedGothfonovm
482 3015 548 3065 010
564 3013 634 3078 suis,
657 3011 852 3084 4Wopkeos.=
877 3016 1020 3068 restiterint
1035 3041 1067 3051 —
1085 3012 1224 3082 fregerint
1231 3026 1243 3071 ‚·

181 3168 211 3220 in
230 3164 331 3236 maius]
356 3162 431 3220 llaec
446 3164 594 3220 coniectura
612 3145 760 3233 Scheffeii,
785 3167 887 3220 firmata
907 3186 922 3220 a
941 3166 1083 3236 Wopkens.
1126 3160 1249 3216 Codices

113 3253 215 3289 omnes:
233 3237 332 3298 maius,
351 3236 419 3305 quod
438 3243 465 3287 et
481 3234 565 3304 ipsum
584 3230 725 3290 defendere
743 3236 865 3289 studebat
883 3237 1043 3304 Wopkens,
1061 3253 1087 3304 q.
1105 3251 1130 3287 v.
1154 3233 1175 3285 1.
1193 3229 1240 3285 Fr.

114 3305 246 3358 Gronov.=
265 3306 399 3358 maiorum.
437 3304 521 3374 Vulgo
539 3323 572 3359 ex
590 3302 666 3359 olda
681 3309 768 3377 magis
786 3308 855 3372 dee,
873 3313 903 3356 ut
919 3305 992 3357 Leid.
1011 3303 1036 3358 4.

183 3393 200 3456 S
217 3387 245 3444 4.
278 3390 387 3458 bellum]
406 3407 430 3443 a.
448 3390 480 3442 C.
499 3392 555 3445 183.

182 3477 242 3541 95.
277 3478 308 3528 ln
325 3478 372 3544 eo]
391 3477 489 3544 Bong.:
508 3477 539 3528 ln
556 3494 605 3541 ea,
623 3477 692 3546 quod
709 3476 825 3531 correxit
842 3476 938 3529 Faber.
973 3477 1012 3529 Eo
1031 3475 1127 3528 habent
1146 3471 1239 3534 Goth..

113 3546 207 3608 Creo,
224 3546 321 3614 Prag.3
339 3544 442 3615 quinam
460 3562 492 3598 ex
511 3546 621 3612 ceteris,
640 3547 734 3598 nescio

182 3631 372 3699 Pbclopocmen]
392 3631 439 3683 Sic
456 3647 514 3684 mss.
533 3630 632 3700 nona,
653 3626 747 3700 l’rng.‚
766 3629 858 3695 Creo,
876 3628 948 3681 malti
966 3629 1060 3693 etiam,
1080 3633 1109 3678 nt
1123 3625 1239 3687 videtur,

112 3700 248 3753 Gronorii.
283 3701 336 3752 Sed
355 3702 453 3768 Bong„
482 3701 615 3768 vincent,
642 3701 732 3764 Badt,
754 3701 850 3764 Goth,
875 3699 933 3751 edd.
952 3706 1032 3751 vett:
1058 3697 1239 3764 Philopoeme-

111 3784 173 3831 πως
190 3768 248 3821 ooli.
267 3764 299 3824 0.
317 3770 360 3822 Ca
381 3770 606 3838 Philopoemenen.

180 3856 237 3908 nob.
255 3857 319 3912 Aen.
337 3858 406 3910 Phil.
423 3856 581 3925 imperatori
606 3855 654 3909 Sia
671 3844 814 3923 bongart„
839 3851 943 3922 copiose
960 3856 1050 3904 tuente
1067 3848 1237 3919 Wopkensio.

111 3923 179 3977 Edi.
197 3923 334 4008 dehabri
352 3943 444 3980 suasus
461 3928 519 3979 nob.
538 3926 603 3979 Aah.
621 3927 683 3995 imp.
703 3924 770 3991 Pa,
797 3931 827 3976 ut
850 3923 932 3975 Dorv.
952 3926 975 3978 1.
993 3924 1025 3988 3,
1042 3919 1124 3972 Goth.
1142 3924 1171 3971 et
1191 3917 1239 3971 alii

24 4070 26 4075 '
106 3999 316 4127 'twendbmbat
332 4060 505 4129 camolla]
534 4059 580 4116 Sia
598 4063 696 4133 limga
718 4074 797 4127 νοτες
826 4079 852 4114 v.
871 4059 1016 4132 Wopkens.
1036 4062 1064 4113 et
1082 4053 1238 4128 praesertim

110 4131 221 4190 Bsnick,
258 4128 359 4227 vulgos
377 4146 423 4185 ocu
438 4144 571 4196 ouon-‚e
585 4132 622 4221 Ι12
638 4130 714 4187 corn
729 4132 852 4186 Gronov.
1190 4152 1196 4161 ¹
