2624 4606
225 239 240 251 κ
337 210 531 315 matos.
551 214 694 289 ula-n.
716 216 811 281 CAP.
833 223 862 288 8.
884 219 915 291 4.
1140 220 1185 286 25

62 379 120 434 tans
142 369 263 451 opulenti
279 369 375 448 populi
392 368 484 428 marn
509 370 604 430 stolide¹
623 371 751 432 adorem
767 378 858 452 inopes
878 394 1018 454 usurpasse
1035 373 1140 447 helian,
1149 378 1184 434 10

63 456 136 540 quad
155 459 248 532 nages
270 456 342 514 dont
356 455 445 534 struit
465 456 511 514 stu
529 456 687 516 timendum:
717 460 786 537 qaod
807 460 870 518 seete
889 468 1017 520 certarnen
1036 481 1140 540 anceps,
1150 466 1182 520 tt

59 544 181 625 praesia
197 544 327 601 uictoriae
340 536 432 614 ndito,
455 540 553 600 damna
572 542 716 620 montfarto
734 548 801 602 rint.
840 543 931 621 Igitur
942 567 993 604 non
1005 544 1185 625 serpedo-12

61 624 137 688 turos
162 626 300 710 Scythas,
321 625 384 683 dum
408 626 446 683 ud
463 647 490 684 se
510 629 649 699 reddar,
680 647 738 692 curn
758 634 834 688 tauto
851 630 906 688 sr‘hs'
920 631 1003 710 plara
1022 635 1051 690 ta
1070 632 1143 690 hoste

62 712 270 792 mapiscenda
285 713 355 781 niet,
383 711 505 788 ultroque
526 712 643 788 praedae
667 715 752 771 eiuras
772 714 883 773 odoram
918 708 987 779 ‚Neo
1005 717 1077 774 dicta
1099 718 1186 775 sealt

48 792 181 861 morata.
224 797 305 866 Quos
322 815 385 868 cum
398 802 479 854 tanta
498 796 640 859 celeritate
651 798 745 879 venire
764 818 812 858 rex
831 800 990 872 didicisset,
1010 801 1038 857 iu
1049 802 1144 876 fugam

60 885 183 945 vertitur
201 882 378 957 exercituque
393 900 455 939 cum
475 882 549 939 omni
571 888 707 959 apparatu
725 882 790 941 belli
804 883 899 943 relicto
914 885 942 942 iu
958 902 1074 959 reguum
1087 891 1144 944 tre·

60 969 146 1051 pidus
170 987 202 1026 se
221 966 336 1044 recepit.
378 966 496 1042 Scythas
518 967 554 1024 ab
572 966 703 1045 Aegypto
725 968 841 1045 paludes
859 969 1033 1053 prohihuere.
1077 969 1146 1028 lude
1154 967 1187 1027 14

61 1052 168 1114 reversi
182 1052 275 1110 Asiam
289 1050 473 1128 perdomitam
484 1051 647 1130 vectigalem
668 1050 774 1125 iecere,
795 1054 904 1112 modico
921 1055 1036 1126 tributo,
1057 1055 1146 1133 magis
1155 1058 1188 1111 15

61 1140 93 1198 in
112 1137 225 1196 titolum
246 1136 353 1213 imperii
372 1154 455 1212 quam
476 1138 505 1195 in
524 1137 656 1196 victoriae
670 1140 821 1214 proemium
840 1139 977 1215 imposito.
1021 1138 1189 1206 Quinde-lfi
1223 1152 1226 1157 ·

62 1225 117 1284 eim
131 1223 212 1281 annis
229 1221 372 1300 pacandae
383 1221 466 1280 Asiae
487 1221 625 1279 immorati
645 1241 760 1295 uxorum
779 1224 955 1299 flagitatione
973 1229 1147 1298 revocantur,

10 1342 13 1347 ·
61 1306 239 1389 perlegatos
252 1306 495 1378 denuntiantibus,
516 1309 547 1363 ns'
561 1305 686 1379 redeant,
715 1307 828 1365 sahulem
842 1328 869 1366 re
883 1308 1049 1386 esfias'ttms's
1066 1326 1147 1385 puae·
1182 1371 1185 1377 .

61 1396 169 1452 siturus
180 1411 227 1464 nec
235 1410 383 1471 passuras,
405 1395 436 1447 ot
451 1393 480 1446 s'n
495 1395 676 1467 posteritatem
692 1391 856 1469 Scythotauri
867 1411 952 1467 gusua
967 1412 1018 1469 per
1027 1393 1148 1469 seminas

62 1475 217 1537 intendat.
259 1475 311 1533 His
325 1476 412 1550 igitur
422 1475 488 1539 Asia
499 1495 550 1552 per
562 1475 636 1537 mille
648 1476 816 1551 quingentos
831 1496 918 1536 minos
928 1477 1069 1553 vectigalis
1084 1478 1147 1537 fuit.
1156 1482 1189 1535 17

61 1562 214 1623 Pendendi
227 1560 325 1617 tributi
341 1560 424 1622 fiuem
439 1558 546 1631 Ninus,
568 1580 616 1618 rex
628 1561 817 1634 Assyriorum,
844 1561 983 1639 imposuit.
1157 1566 1190 1619 18

150 1645 200 1705 lv.
221 1643 280 1702 Sed
294 1645 369 1721 apud
390 1644 507 1718 Scythas
526 1645 618 1703 medio
637 1642 773 1725 tempore·
785 1648 841 1705 drro
857 1647 926 1722 regii
940 1647 1066 1719 iuvenes,
1087 1645 1172 1704 Ylil

33 1806 36 1812 Δ
61 1751 119 1792 nos
136 1737 167 1790 et
186 1728 359 1806 Scolopitos,
388 1748 438 1806 per
457 1730 606 1791 sectionem
627 1730 792 1812 optimatum
810 1732 893 1803 domo
913 1729 985 1808 pulsi
1006 1732 1150 1807 ingentem

61 1819 238 1879 iuventutem
253 1832 344 1876 sectum
358 1818 467 1872 traxere
488 1820 516 1871 et
528 1813 557 1876 iu
572 1813 769 1890 Cappadociae
782 1835 830 1873 ora
843 1815 923 1888 iuxta
934 1833 1042 1883 emnem
1058 1815 1173 1873 'ther-2

61 1900 201 1962 modonta
212 1899 404 1970 consederunt,
424 1897 617 1973 subiectosque
631 1897 658 1955 Τ
659 1898 833 1974 hemiscyrios
847 1919 958 1978 campos
971 1894 1148 1977 occupaveie.

43 1986 107 2045 -lbi
119 2004 172 2064 per
182 1983 284 2042 multos
304 2002 392 2040 annos
409 1982 528 2059 spoliare
548 1983 679 2043 finitimos
694 1984 801 2045 adsueti
817 1985 1020 2062 conspiratione
1033 1984 1174 2062 populo-3

62 2089 128 2130 rum
145 2089 200 2149 per
220 2069 334 2126 iusidias
354 2068 532 2126 tmcidantur.
575 2067 682 2126 Horrau
700 2086 813 2141 uxores,
835 2086 897 2129 curu
916 2070 1043 2131 videraut
1057 2066 1175 2128 exsiliat

134 2238 152 2302 s
166 2238 209 2295 10.
227 2235 340 2303 stolide]
357 2232 441 2300 codd,
455 2234 552 2302 Bong.:
571 2234 728 2303 colendi.(7)

64 2308 153 2428 Goffiss
169 2307 212 2360 11.
230 2305 298 2373 quod
313 2304 354 2372 h]
373 2303 469 2358 Goth:
490 2321 584 2381 puams
598 2305 682 2369 delto,
700 2320 747 2379 pro
763 2303 838 2367 belli,
864 2303 1085 2373 1Boug„Bodl.,
1104 2302 1190 2374 Creo,

102 2436 105 2440 ¹
134 2443 210 2509 513,
227 2441 375 2509 didicisset]
394 2441 439 2494 Sio
456 2439 526 2497 Med.
541 2441 626 2503 etalii
641 2442 717 2504 boui,
735 2440 780 2502 sed
797 2439 970 2504 recentiores3
989 2441 1086 2509 Boug.=
1112 2440 1192 2494 addi·

66 2513 187 2577 dictast,
205 2511 273 2579 quod
288 2511 348 2563 mihi
363 2518 434 2563 certe
450 2512 584 2580 probabile
597 2518 637 2567 est
651 2511 702 2565 ista
715 2518 802 2571 aetate
821 2511 849 2565 lu
868 2510 938 2565 huuc
955 2528 1028 2565 usum
1048 2509 1191 2576 deuenisse,

65 2582 167 2637 detrita
182 2579 370 2648 significatione
383 2580 588 2649 praepositionis.

136 2651 166 2703 in
202 2667 284 2719 υςαπι
301 2650 431 2717 vertitur]
461 2650 557 2702 Notum
580 2654 619 2702 est
638 2667 671 2701 ex
690 2649 850 2703 sacerdotum
869 2647 1017 2701 narratione
1031 2649 1191 2705 Herodotum

67 2715 162 2842 ξητὸν
197 2720 276 2784 teyov
298 2715 327 2769 ol
353 2714 449 2784 ἱρέες“
469 2726 531 2774 cett.
552 2718 587 2785 ll,
608 2721 742 2787 lolem),
765 2717 904 2772 Diodorum
925 2718 1093 2783 etTacituru
1111 2719 1191 2784 (hun.

82 2790 105 2852 l,
124 2787 181 2855 60.)
192 2788 307 2848 referre,
326 2787 439 2854 Scythas
452 2790 535 2855 aeque
548 2804 580 2838 ac
595 2788 704 2856 reliquos
719 2788 839 2857 populos.
865 2804 928 2855 quos
942 2787 1066 2839 Sesostris
1088 2787 1191 2852 adierit,

68 2857 186 2910 devictos
198 2872 262 2912 esse.
280 2854 337 2922 (Cf.
353 2856 434 2922 Hep'rr.
455 2857 487 2907 cle
500 2859 584 2920 fontt.
607 2858 716 2908 iliodori
735 2875 761 2927 p.
773 2856 869 2923 XLV.)
893 2856 1015 2908 'Nostrae
1035 2855 1192 2909 narrationis

25 2932 29 2943 '
69 2926 146 2979 alium
158 2933 288 2977 auctorem
300 2940 351 2975 non
367 2923 471 2986 inveui3
496 2924 541 2975 sed
556 2922 681 2983 Colchide
694 2941 836 2993 repressum
845 2941 905 2977 esse
920 2924 1074 2992 Aegyptium
1095 2941 1191 2991 regem,

69 2995 172 3065 sliquos
187 2991 345 3046 eaeterihus
358 2993 496 3045 tradidisse
512 2992 654 3063 colligimus
669 3011 683 3045 e
699 2994 800 3056 Plinio,
820 2993 854 3051 Η.
868 2992 1048 3056 N.xxx111,
1066 2994 1083 3046 3
1104 2994 1189 3059 (15.)=

70 3065 152 3128 „Iura
176 3069 336 3132 regnaverat
351 3063 379 3113 ia
402 3062 503 3113 Colchis
524 3064 648 3121 Salaaces
665 3069 692 3113 ct
712 3064 857 3128 Erulopes.
884 3062 929 3133 qui
946 3069 1043 3121 terram
1062 3061 1192 3129 uirginem

70 3141 163 3185 auctus
177 3132 321 3198 plurimum,
331 3132 437 3198 argenti
449 3131 556 3196 aurique
569 3132 663 3181 misse
679 3131 776 3180 dicitnr
789 3131 816 3180 in
836 3131 980 3180 Suanorum
993 3137 1073 3197 gente
1086 3138 1112 3183 et
1124 3128 1191 3179 atio-

72 3203 114 3270 μί
125 3200 265 3252 velleribus
280 3199 365 3252 auras
378 3200 467 3257 irretito
485 3215 576 3267 regno.
612 3199 665 3249 Sed
684 3206 709 3248 et
728 3199 797 3248 illias
820 3215 915 3249 uaccae
936 3213 1070 3258 camerae,
1096 3213 1192 3264 argen-

71 3268 403 3328 sacracramenta,
421 3275 447 3317 ct
462 3268 595 3329 columnae
609 3273 686 3335 atque
697 3266 894 3335 parastaticae,
920 3267 1014 3316 uicto
1032 3266 1193 3319 Sesostre

72 3336 228 3462 itvsgpppti
244 3352 343 3405 rege,
361 3344 417 3394 tam
432 3336 550 3404 ruperto,
568 3341 598 3387 ut
608 3335 625 3362 “
642 3339 704 3397 cett.
739 3333 850 3403 Recepit
866 3334 915 3391 hoc
928 3332 985 3395 Vel,
998 3331 1083 3391 Flaoc.
1096 3334 1193 3410 Argoa.

109 3444 117 3471 ’
138 3474 214 3541 sse.
234 3470 400 3539 aenaeam]
415 3470 615 3535 vinemarus
640 3466 712 3525 χιι·

32 3546 35 3551 ’
139 3542 369 3607 dmmciaatihas]
402 3540 447 3591 Sic
476 3538 557 3609 plurr.
579 3539 654 3594 codd.
676 3555 730 3598 cum
751 3539 827 3593 Oros.
853 3541 880 3591 et
905 3537 1042 3607 Freculph.
1064 3539 1124 3598 Mes.
1146 3541 1192 3610 (v.

74 3610 189 3668 (tironos.
206 3627 232 3678 p.
244 3610 338 3677 789,);
355 3615 509 3665 structuram
525 3627 540 3661 e
552 3607 737 3660 cousuetudine
755 3607 845 3661 tustini
857 3607 997 3660 defenduut
1009 3607 1109 3674 Faber,
1125 3610 1194 3664 Vor-

74 3680 151 3746 stias‚
177 3678 319 3748 Wopkens.
355 3670 428 3729 Unus
456 3678 553 3744 Bong.,
578 3677 653 3737 Laid.
671 3679 696 3742 2.
715 3677 747 3743 3,
771 3675 874 3741 Perim,
899 3677 982 3733 Dorv.
1002 3680 1027 3739 1.
1046 3678 1078 3746 3,
1103 3680 1193 3745 Goth,

74 3748 166 3820 stag„
184 3746 245 3802 edd.
257 3752 336 3811 reth:
364 3747 582 3807 denrtnciantium.

138 3835 167 3871 se
182 3818 231 3883 es]
249 3815 338 3881 bodl:
363 3816 417 3874 siti¹
429 3832 467 3874 ss.

141 3886 215 3953 518.
233 3884 309 3947 Vina.
324 3884 404 3939 Beth:
438 3882 544 3934 Gaias
565 3880 658 3943 trliuti
676 3881 807 3951 pcndcadi
827 3888 890 3946 cett,
923 3884 963 3939 lle
981 3885 1030 3939 hoc
1051 3890 1195 3954 temporum

74 3953 164 4014 ardiae
179 3954 215 4009 at.
231 3969 300 4022 quse
313 3953 345 4005 ed
359 3953 416 4009 init.
429 3968 452 4007 c.
468 3952 494 4021 9,
508 3949 636 4005 dicuutur.
653 3951 789 4003 Auctorem
804 3958 832 4002 et
845 3952 957 4013 ratloues
970 3955 1048 4013 hodie
1062 3952 1196 4015 nescimus.

140 4023 174 4075 C.
194 4020 242 4074 IV.
260 4024 277 4086 S
294 4022 318 4077 t.
340 4012 452 4082 Ytinosl
477 4018 552 4075 Multi
564 4018 640 4079 codd.
651 4027 678 4070 et
691 4018 894 4094 &topographia
911 4023 1011 4081 Pitane,

114 4091 198 4229 182.
217 4088 426 4161 ¹Therasiseprios]
442 4088 542 4164 Bouga
571 4088 767 4160 mearat.

130 4181 264 4225 UBTIWB·
405 4184 409 4191 “
682 4214 686 4219 .
