2624 4606
96 239 212 303 ‚roo
499 201 930 317 rousarnn.

191 389 259 449 lioes
272 387 392 449 divitiae
435 386 494 446 lam
507 388 555 446 lini
570 382 711 467 spartiqac'
727 389 769 448 vis
790 391 906 465 ingens.;
926 391 1003 450 minii
1015 395 1093 451 certe
1107 391 1184 451 uuila
1195 394 1261 453 fera·

149 476 248 535 ,icior
262 480 342 533 terra.
385 473 418 530 ln
438 473 490 531 hac
503 491 597 531 mrsos
614 475 734 552 amnium
750 492 808 533 non
826 480 962 534 torrentes
980 476 1148 551 rapidique,
1169 483 1202 534 ut
1216 497 1262 535 no·

191 563 288 630 ceant,
309 557 360 615 sed
373 556 448 616 lenes
466 564 496 615 et
508 557 593 615 vineis
606 559 763 634 campisque
775 558 870 633 irrigui
882 560 1081 633 aestuariisque
1092 560 1204 619 Oceani
1216 562 1262 620 ad·

191 643 270 700 satim
281 641 399 719 piscosi,
418 642 542 717 plerique
556 643 639 701 edam
650 642 750 700 divites
765 661 848 714 auro,
868 644 946 718 qnod
957 643 986 700 in
999 642 1142 701 balucibus
1155 645 1263 703 vehunt

168 725 258 784 8Uno
272 732 377 783 tantum
389 725 524 800 Pyrenaei
538 727 637 784 montis
655 727 739 807 dorso
754 727 886 784 adhaeret
903 726 1028 800 Galliae,
1047 727 1163 802 reliquis
1182 729 1262 806 parti-

168 810 244 867 9bus
258 810 380 884 undique
392 812 422 866 in
438 811 530 869 orbem
543 811 612 868 mari
622 810 757 886 cingitur..
788 809 892 869 Forma
904 818 996 869 terrae
1011 829 1106 889 prope
1119 814 1262 886 quadrata,

193 893 246 951 nisi
260 894 337 969 quod
347 895 503 951 artantibus
513 895 577 952 freti
596 894 722 952 litoribus
743 895 772 952 in
787 893 958 969 Pyrenaeum
972 893 1035 951 coit.
1076 894 1170 953 Porro
1182 896 1262 971 Pyre·

153 981 187 1032 10
195 979 258 1035 naei
274 979 374 1034 montis
387 981 504 1055 spatium
519 986 647 1037 sexcenta
660 978 744 1037 millia
758 997 887 1055 passuum
902 977 994 1036 efficit.
1027 977 1188 1038 Salubritas
1201 979 1263 1040 caeli

193 1079 369 1139 peromnem
390 1063 552 1139 Hispaniam
571 1062 712 1138 aequalis,
733 1063 798 1138 qula
815 1063 885 1120 airis
905 1063 1017 1139 spiritus
1029 1062 1105 1120 nulla
1125 1064 1263 1140 paludium

194 1147 273 1220 gravi
287 1143 388 1203 nebula
399 1148 525 1205 inficitur.
567 1148 631 1204 Huc
640 1148 776 1205 accedunt
786 1152 815 1205 et
831 1147 953 1204 mminae
963 1163 1047 1204 aurae
1065 1148 1193 1224 undique
1208 1167 1262 1206 ver-

195 1247 242 1287 sus
255 1230 362 1286 adsidui
377 1232 472 1302 flatus,
501 1232 599 1306 quibus
615 1250 724 1290 omnem
745 1231 911 1308 provinciam
931 1231 1144 1306 penetrantibus
1163 1233 1262 1293 evend-

154 1334 159 1339 ’
194 1312 252 1372 lato
265 1315 389 1373 terrestri
402 1316 499 1392 spiritu
511 1317 658 1393 praecipua
669 1316 823 1373 horninibus
835 1315 939 1373 sanitas
949 1314 1088 1373 redditur.
1183 1365 1186 1369 .

171 1446 186 1497 1
277 1438 312 1496 ll.
334 1439 462 1519 Corpora
476 1440 616 1499 hominum
637 1442 674 1500 ad
689 1441 807 1500 inediam
822 1439 1014 1516 laboremque
1035 1440 1120 1498 animi
1138 1440 1263 1521 admor-

168 1527 249 1580 2tem
263 1524 361 1600 parati.
405 1524 482 1582 Dora
499 1527 624 1583 omnibus
640 1532 669 1584 et
688 1527 820 1584 adstricta
840 1525 1016 1601 parcimonia.
1057 1523 1167 1584 Bellum
1185 1544 1262 1601 qnam

169 1607 279 1663 Sotium
298 1607 416 1666 malunt:
438 1610 461 1665 si
482 1618 625 1668 extranens
646 1611 740 1683 deest,
766 1609 841 1667 domi
860 1609 966 1667 hostem
985 1615 1131 1685 quaerunt.
1175 1608 1262 1686 Saepe

108 1730 111 1735 -
194 1691 339 1749 tormentis
353 1711 404 1768 pro
416 1692 526 1751 silentio
545 1714 634 1752 rerum
652 1695 815 1759 creditarum
835 1694 988 1751 imniortni:
1008 1695 1081 1752 adeo
1100 1690 1155 1750 illis
1170 1695 1266 1752 sortior

169 1774 387 1839 itaciturnitatis
403 1795 468 1834 cura
482 1796 564 1852 quam
577 1780 658 1837 vitae.
701 1778 864 1837 celebratur
881 1776 1053 1836 etiambello
1068 1777 1176 1855 Punico
1195 1777 1264 1838 servi

195 1858 265 1917 illius
278 1859 426 1934 patientia,
448 1863 496 1936 qui
508 1863 580 1919 ultus
593 1863 731 1919 dominum
745 1862 817 1919 inter
834 1868 969 1920 tormenta
989 1862 1047 1919 risu
1061 1861 1209 1920 exsultavit
1221 1882 1264 1921 se·

171 1948 319 2018 Stenaque
331 1942 437 2001 laetitia
450 1946 638 2004 crudelitatem
652 1947 835 2021 torquentium
847 1945 919 2003 vicit.
960 1944 1099 2003 Velocitas
1111 1948 1271 2023 genu-pm

196 2027 260 2099 nix,
281 2028 389 2102 inquies
406 2030 525 2091 animus:
547 2029 667 2106 plurimis
684 2029 816 2088 militares
829 2030 893 2105 equi
912 2034 940 2087 et
955 2047 1030 2086 arma
1042 2031 1182 2106 sanguine
1192 2031 1264 2108 ipso-

171 2118 256 2170 6nnn
274 2112 387 2170 cariora
428 2113 525 2171 Nullus
546 2115 574 2171 in
590 2115 676 2173 festos
691 2114 752 2172 dies
765 2114 904 2189 epularum
918 2121 1075 2190 apparatus.
1117 2113 1203 2191 Aqua
1220 2132 1263 2173 aa·

139 2184 142 2194 ’
195 2196 251 2255 lida
266 2194 351 2252 lavari
364 2202 428 2274 post
442 2196 590 2255 secuudum
604 2198 703 2257 bellum
720 2197 851 2274 Punicum
866 2215 883 2254 a
897 2197 1031 2255 Romanis
1045 2198 1177 2258 didicere

171 2285 188 2337 7
249 2278 252 2283 ’
283 2279 315 2337 lu
328 2286 407 2339 tanta
419 2280 570 2340 seculorum
585 2283 656 2341 serie
667 2280 755 2340 nullus
774 2281 828 2340 illis
844 2281 900 2339 dux
913 2287 1038 2361 ,magnus
1054 2289 1169 2360 praeter
1179 2281 1265 2341 Viris·

527 2474 532 2499 l
865 2498 869 2505 .

40 2562 44 2569 ·
87 2580 92 2589 .
132 2576 135 2581 ,
221 2535 282 2598 57.
317 2534 456 2587 aestuariis
474 2533 587 2601 Oceani]
608 2531 641 2584 V.
658 2530 767 2585 Uckert.
785 2548 810 2600 p.
827 2533 889 2587 301.
1215 2564 1229 2573 -

221 2604 249 2654 in
264 2604 393 2654 boluoibur
411 2602 461 2667 (ian
474 2601 639 2667 Goldsonss]
657 2601 715 2653 Hoc
731 2600 830 2653 Iustino
843 2598 957 2653 reddidit
968 2597 1088 2653 doctrin
1101 2598 1224 2653 Salmasii
1235 2598 1266 2653 ad

148 2664 234 2722 ¹Solin.
252 2687 312 2738 pag.
330 2671 396 2732 277,
411 2687 437 2733 ¹a
459 2669 619 2720 Berneccero
642 2667 749 2737 primum
773 2678 911 2738 receptura.
947 2668 1046 2720 codd:
1071 2669 1099 2720 in
1114 2670 1267 2737 paludibus

153 2740 221 2807 qnod
241 2756 296 2789 cum
315 2755 363 2789 non
379 2753 436 2788 essa
454 2744 540 2803 aptum
558 2740 722 2803 cerneretur,
749 2738 763 2789 1
781 2738 881 2805 Bong.,
900 2735 970 2789 Laid.
989 2738 1020 2790 a:
1038 2755 1057 2788 n
1072 2739 1146 2802 potr
1177 2736 1266 2790 netad.

152 2810 178 2861 2.
203 2807 218 2858 5
244 2808 318 2874 plana
342 2805 498 2867 omiserunt3
533 2806 593 2857 edd.
619 2805 719 2873 aliquot
743 2813 824 2858 velta
848 2809 876 2858 in
898 2807 1024 2857 laudibus.
1059 2804 1162 2857 Plinius
1178 2806 1214 2858 Η.
1232 2804 1265 2858 N.

119 2891 121 2896 ·
152 2875 325 2936 xx111‚21=
353 2876 450 2924 Aurum
468 2875 646 2924 inuenitur-
665 2875 804 2942 fluminum
819 2875 943 2927 ramentis
965 2875 994 2925 in
1019 2873 1094 2943 Tago
1119 2874 1266 2942 Hispanico

152 2948 187 2988 ἰ-
205 2972 239 2983 -
257 2942 371 3010 Hispani
422 2943 455 2992 od
471 2943 599 2992 minutam
615 2946 669 3002 aar,
692 2943 805 2994 balucem
821 2949 924 2994 uocant.
966 2941 1064 2994 Eodem
1081 2941 1159 2993 modo
1177 2941 1265 2993 hodie-
1289 2990 1293 2997 .

152 3009 370 3085 qnslegiturap.
420 3009 535 3062 articlem
553 3009 617 3072 llll,
636 3009 734 3074 57‚92
757 3011 832 3063 Illinc
873 3010 1265 3080 aludismoltcutorflispo·

151 3100 218 3148 noc,
237 3080 279 3133 ubi
297 3079 389 3130 dudum
408 3085 556 3130 correxerat
572 3078 711 3131 Turnebus
730 3080 808 3146 (Ado.
852 3077 917 3146 XX,
934 3078 997 3146 26)=
1017 3077 1125 3130 balucis.

157 3152 170 3177 ·’
220 3151 280 3215 §⁸-
315 3148 398 3212 mori]
416 3147 479 3198 Mes.
497 3147 594 3215 Bong.=
610 3162 693 3201 marc.
1172 3148 1176 3155 '

220 3225 339 3270 resecato
355 3217 439 3267 millia
454 3215 590 3283 passuum]
606 3217 684 3281 (Mes.
703 3214 796 3283 Bong.,
813 3213 1068 3278 tnetdd.‚·1²ertz.‚
1085 3213 1187 3267 aaran
1203 3230 1265 3284 pur·

151 3288 219 3353 m.)
255 3285 344 3336 Ceteri
361 3284 443 3340 minus
461 3283 571 3345 habant3
590 3283 624 3333 cf.
642 3283 781 3348 Berricen,
800 3282 908 3336 Uckert.
925 3282 943 3335 l.
960 3283 978 3334 l.
1014 3282 1098 3337 .275.

67 3408 74 3418 Ἰ,
219 3358 236 3419 δ
256 3359 296 3408 10.
329 3351 482 3419 paludium]
510 3353 637 3404 Recentes
653 3357 767 3403 motuni
786 3353 932 3420 paludumr
947 3367 974 3404 v.
991 3300 1104 3406 berrech.
1126 3352 1165 3393 -·'
1186 3350 1266 3405 nim

150 3423 292 3493 scriptores
309 3420 486 3489 diligentiores
504 3437 545 3488 ap.
564 3420 674 3477 Uckert.
690 3435 717 3489 p.
734 3420 794 3475 823.

150 3604 157 3620 ι
220 3531 305 3614 ⁰2¹¹·
328 3534 345 3595 ἕ
363 3532 390 3585 3.
419 3531 520 3595 satior
536 3537 594 3612 tuo..
608 3531 687 3612 curu]
704 3528 721 3583 i.
739 3547 763 3581 e.
781 3528 902 3581 maiorem
917 3527 983 3597 ipsis
999 3506 1197 3593 fortitudinem,¹
1212 3545 1264 3583 ne-

149 3597 1266 3736 trittt‘ttattdemntttddztt‘ttt’.tlctltlttstlt

149 3740 242 3795 similia
259 3738 348 3789 habes.
385 3735 496 3788 Oculum
512 3752 593 3802 paene
616 3734 722 3788 dixerim
739 3733 888 3802 ,renunties
911 3741 1004 3787 eruant
1026 3733 1071 3798 qui
1092 3740 1266 3804 reposuerunt

150 3826 206 3864 cunr
224 3805 368 3858 Gronovio=
385 3805 474 3871 potior
490 3812 511 3856 t.
530 3821 607 3865 curn,
626 3811 656 3854 ut
670 3803 688 3857 5
704 3801 852 3869 interpolati
869 3804 1003 3866 Gronau,
1021 3801 1121 3866 Goth„
1139 3802 1219 3856 Orac.

157 3914 160 3919 .
220 3879 236 3940 §
253 3874 280 3930 6.
297 3908 300 3913 -
315 3876 392 3941 Aqua
405 3874 455 3924 col.
471 3875 546 3940 cett]
569 3872 696 3940 Bongars.
712 3887 728 3923 a
745 3885 820 3923 mser
843 3889 890 3924 nac
907 3889 978 3938 aquo
993 3871 1043 3923 col.
1063 3871 1094 3923 l..
1113 3871 1226 3940 (sici)
1241 3872 1266 3924 ia

149 3953 235 4076 um}
245 3960 293 4061 οῗ·
309 4007 450 4074 Vitiorum]
468 4007 514 4060 Sic
531 4006 607 4063 codd.
625 4005 704 4060 etiam
720 4005 827 4060 aliorum
843 4005 998 4075 scriptorum
1014 4012 1123 4076 practer
1142 4010 1157 4062 i
1175 4009 1266 4076 Boon,

148 4081 209 4153 quir
238 4079 295 4131 Ver.
337 4077 494 4145 Opportune
520 4075 607 4142 Boou·
626 4093 642 4128 e
663 4074 805 4129 strabones
823 4070 955 4142 ¹&ociliacus
977 4071 1033 4144 γὰρ
1056 4073 1106 4129 soti
1127 4074 1266 4147 λῃστρικοὶ
