2624 4606
80 226 186 291 aas
309 204 316 215 '
466 204 892 279 'rusrrmr

140 375 354 437 SBroficisesnti
372 372 537 444 Deidamia;
564 368 703 430 Aeacidae
724 370 799 447 regis
820 368 892 445 iilia,
912 373 943 428 et
967 366 1168 431 Thessalonice
1186 372 1247 449 pri·

166 463 267 536 rigna,
284 466 314 519 et
324 461 387 538 ipsa
403 458 476 517 clara
487 456 607 535 Philippi
619 456 707 534 patris
727 455 856 524 nomine,
879 453 1037 530 multaeque
1053 453 1126 514 abae
1144 457 1248 533 princi·

167 565 234 625 pum
254 551 414 614 matronae,
443 543 584 620 speciosus
603 541 796 617 magis-quam
819 538 893 598 utilis
911 557 996 614 grex,
1023 539 1138 599 comites
1160 543 1248 602 fuera.

142 631 246 690 4Haee
264 649 329 711 cum
343 629 472 687 nuntiata
494 627 655 685 Cassandro
675 630 785 697 essent,
806 624 899 683 statim
914 625 998 682 citato
1017 642 1099 683 cursu
1118 625 1247 702 Pydnam

143 715 245 775 lirenit
263 719 292 773 et
307 713 404 779 orbern
423 713 569 771 obsidione
593 710 687 786 cingit
730 710 803 768 Cum
828 711 903 768 ianae
926 709 1057 785 ferroque
1083 717 1249 786 urgueretur

168 795 327 877 Olympias,
348 797 451 874 longae
465 796 617 855 obsidionis
638 795 833 872 taediopacta
850 793 939 852 salute
956 793 1052 852 victori
1073 813 1104 853 se
1123 797 1249 855 tradidit

144 884 226 943 asad
248 883 408 941 Cassander
427 883 465 941 ad
483 882 644 940 concionem
658 885 760 939 vocato
777 879 900 957 populo,
929 877 1113 938 sciscitaturus
1133 881 1201 957 quid
1218 881 1251 940 ds

171 967 331 1046 Olympiade
341 969 410 1046 fieri
423 967 519 1038 velint,
541 967 676 1025 subornat
696 971 827 1042 parentes
848 964 1069 1036 interfectorum,
1091 965 1140 1040 qui
1159 972 1250 1026 sumta

144 1053 281 1128 liugnbri
301 1058 380 1112 veste
405 1051 595 1111 crudelitatem
615 1049 736 1109 mulieris
759 1054 927 1109 accusarent.
962 1046 996 1106 *A
1015 1048 1115 1124 quibus
1141 1050 1250 1111 accensi

170 1138 341 1198 Macedones
359 1138 419 1197 sine
433 1140 562 1216 respectu
573 1135 706 1213 pristinae
722 1134 876 1194 maiestatis
891 1130 1069 1193 occidendam
1083 1133 1249 1194 decernunt:
1266 1128 1271 1133 ’

147 1218 346 1282 Simmemores
359 1241 489 1299 prorsus,
511 1221 587 1297 quod
600 1239 651 1299 per
663 1219 748 1279 filiurn
760 1220 819 1279 eins
832 1220 975 1295 virumque
988 1236 1046 1300 non
1060 1217 1151 1278 solum
1165 1221 1249 1279 vitam

172 1308 226 1387 ipsi
237 1308 308 1367 inter
322 1307 452 1365 finitimos
465 1311 552 1364 tutam
567 1304 744 1383 habuissent,
760 1323 854 1363 verum
872 1305 956 1363 etiarn
973 1308 1067 1361 tantos
1081 1323 1149 1382 opes
1161 1306 1250 1383 impe·

79 1446 81 1450 .
147 1394 296 1468 9riumque
312 1392 386 1450 orbis
401 1392 583 1469 quaesissent.
626 1389 685 1448 Sed
699 1384 844 1466 Olympias
861 1389 909 1447 ubi
929 1388 1082 1446 obstinatos
1096 1387 1193 1473 venire
1213 1391 1250 1450 ad

175 1497 205 1536 se
219 1477 438 1550 armatosvidit,
460 1481 537 1535 veste
555 1473 658 1551 regali,
681 1475 788 1533 duabus
810 1472 914 1532 ancillis
935 1473 1026 1531 innixa
1046 1471 1120 1530 ultro
1141 1475 1250 1534 obviam

133 1562 308 1640 10procedit.
352 1561 417 1628 Qua
428 1561 486 1618 risa
500 1578 675 1638 percussores
690 1559 801 1618 attoniti
819 1560 930 1616 fortuna
941 1557 1093 1617 maiestatis
1110 1560 1210 1636 prioris
1223 1564 1252 1618 et

62 1678 65 1684 ,
173 1652 216 1704 tot
229 1647 258 1704 in
280 1665 314 1704 ea
333 1645 481 1704 memoriae
498 1644 702 1703 occurrentibus
716 1662 812 1719 regum
826 1662 939 1701 suorum
952 1641 1108 1701 nominibus
1121 1644 1251 1704 substite-

16 1756 20 1765 ·
134 1736 252 1788 11runt:
274 1731 364 1788 donee
376 1750 393 1787 a
405 1730 564 1788 Cassandro
584 1729 755 1802 missisunt,
776 1728 823 1806 qui
837 1746 898 1787 earn
920 1728 1116 1802 confoderent,
1135 1747 1193 1787 non
1207 1749 1252 1792 re·

175 1815 327 1890 fugientem
353 1814 475 1889 gladium
497 1832 549 1873 nee
568 1812 681 1871 vulnera
699 1818 750 1872 aut
772 1810 939 1872 muliebriter
960 1813 1170 1885 vociferantem
1199 1813 1252 1872 sed

175 1899 295 1956 virorum
319 1918 396 1957 more
418 1899 531 1956 fortium
556 1904 611 1976 pro'
629 1897 717 1974 gloria
734 1898 833 1958 veteris
852 1899 1001 1977 prosapiae
1019 1898 1101 1956 morti
1128 1916 1255 1957 saccum-

177 1984 305 2057 bentem‚
333 1989 364 2040 ut
386 1982 571 2042 Alexandrum
592 2001 688 2060 posses
712 1984 796 2042 etiam
824 1985 854 2040 in
880 1984 1017 2041 moriente
1038 1987 1128 2043 matre
1146 2002 1253 2060 cogno·

135 2073 261 2128 12seere.
311 2069 472 2146 Compsisse
499 2068 612 2145 insuper
631 2068 773 2145 exspirans
799 2067 911 2145 capillos
939 2073 967 2126 et
984 2071 1064 2127 veste
1083 2087 1164 2127 crura
1185 2086 1252 2128 con·

176 2153 278 2213 texisse
301 2154 401 2226 fertur,
434 2153 560 2229 nequid
585 2159 683 2230 posset
696 2154 732 2210 in
756 2172 872 2230 corpore
891 2153 951 2211 eius
973 2153 1134 2213 indecorum
1157 2153 1272 2213 rideri..

136 2238 245 2296 13Post
265 2239 333 2297 haec
353 2239 511 2298 Cassander
528 2237 758 2312 Thessalonicen,
780 2239 856 2313 regis
875 2237 989 2297 Aridaei
1008 2236 1112 2313 filiam,
1139 2258 1254 2299 uxorem

204 2447 220 2509 §
238 2445 263 2498 3.
300 2444 457 2512 Deidamia]
477 2447 490 2500 1
510 2445 608 2512 Bong.=
627 2444 764 2504 Declaratur
782 2442 877 2510 Prag.=
896 2444 1017 2500 Dionaea.
1063 2500 1067 2505 ,

204 2514 401 2580 ibessoloaice]
420 2515 480 2567 Mss.
498 2514 595 2578 Bong.‚
613 2514 710 2579 Prag„
728 2510 816 2564 Vino:
838 2512 1029 2566 abessotooioa.

204 2584 264 2645 §a
294 2582 359 2647 fieri
374 2581 473 2647 uelint]
491 2580 625 2632 Vincenti
641 2581 723 2631 nolint
733 2581 805 2648 ficri.
1073 2588 1076 2593 '
1142 2585 1147 2591 '

16 2692 21 2707 .
101 2672 104 2677 ’
204 2647 1118 2716 59.vidis]1B0ng,‚00u,c,c,‚130dl,etVincentgvidet.

204 2724 274 2769 ueste
290 2717 360 2785 reg.]
383 2716 399 2770 5
417 2716 537 2786 interpol.
556 2718 671 2768 Gronov.
690 2722 717 2769 et
733 2718 750 2770 2
766 2718 862 2772 Dora:
886 2720 898 2771 i
903 2738 922 2771 a
937 2725 1008 2772 nesle
1023 2735 1063 2782 m,
1095 2717 1128 2770 de
1146 2734 1198 2788 qua
1215 2715 1255 2771 di·

121 2783 211 2853 ‚c'endi
229 2784 331 2837 ratione
348 2785 424 2838 docte
443 2786 559 2838 Gronov.
578 2786 632 2854 egit
650 2804 675 2856 p.
692 2787 752 2842 873.
771 2815 804 2826 -
821 2790 947 2856 armatos]
967 2787 1099 2840 ducentos.

205 2857 222 2919 ἓ
242 2857 282 2906 10.
316 2855 473 2921 memoriae]
492 2854 586 2907 Omisit
604 2855 676 2911 Vino.

205 2926 221 2987 §
241 2924 282 2979 19.
319 2924 460 2991 Compsisse
482 2925 588 2992 insuper
610 2941 680 2992 casp.
698 2925 806 2994 sapidos
823 2925 903 2992 cett]
929 2925 1034 2993 Vulgo,
1058 2922 1137 2978 etiam
1161 2924 1189 2978 in
1213 2926 1254 2996 ed.

136 2990 236 3060 Bong„
260 2990 369 3059 legitnrs
393 3009 554 3061 cognoscere.
588 2994 695 3061 Insuper
718 3011 801 3062 casp,
827 2995 930 3062 capillis
952 3002 979 3047 et
1001 3001 1072 3047 aesta
1094 3011 1173 3047 erasa
1192 3001 1257 3049 cett.

28 3119 35 3129 ,
136 3077 200 3130 qaas
218 3061 306 3114 sordes
324 3065 397 3113 eruta
413 3061 506 3114 dudum
526 3079 591 3115 vera
606 3062 718 3115 lectione
734 3063 766 3114 ab
784 3061 923 3118 editoribus
939 3061 1044 3115 relictas
1061 3081 1115 3115 esse
1131 3058 1189 3116 iure
1206 3063 1256 3117 rui-

136 3130 210 3183 reris.
246 3128 325 3192 Quod
347 3147 393 3181 nos
414 3147 470 3183 cunr
497 3131 599 3182 Vorstio
622 3130 673 3183 scri
692 3131 767 3183 simos
790 3129 888 3183 diserte
910 3131 1006 3198 legitur
1027 3131 1055 3184 in
1077 3148 1135 3185 mss.
1157 3128 1257 3203 aliquot

135 3199 233 3268 Boug.,
259 3198 353 3259 crae,
380 3199 574 3263 Thaempcoil.
593 3199 646 3262 N.‚
670 3149 750 3252 llorv.
771 3202 785 3254 1
804 3209 831 3252 et
848 3202 873 3254 2.
910 3201 1025 3268 Capillos
1041 3207 1179 3271 praeterea
1195 3219 1253 3255 mss.

136 3266 155 3321 4
171 3269 287 3320 Gronov.
305 3268 408 3318 habent.
445 3268 535 3321 Ceteri
552 3269 608 3320 iere
626 3275 764 3337 corruptas
785 3273 798 3322 1
819 3270 918 3336 Boug.‚
936 3269 1009 3322 Leid.
1030 3268 1094 3324 1.4=
1113 3287 1255 3339 compresse

135 3365 171 3376 -
184 3338 302 3404 capillis3
330 3336 383 3402 alii=
397 3339 515 3403 confisa,
541 3339 663 3403 confisam
694 3338 792 3393 casu:
815 3339 959 3406 conspicere
983 3339 1188 3407 consumpsisset.
1212 3341 1255 3408 (nt

136 3405 225 3472 Bodl.)
244 3406 295 3456 Ios.
330 3405 404 3456 Vina.
422 3406 538 3458 Bellon:
559 3405 710 3472 Compimeas
725 3424 751 3458 se
768 3407 815 3458 ias.
834 3435 868 3445 —
886 3409 980 3476 capillo
999 3408 1043 3474 (ut
1058 3407 1165 3476 Preg).
1181 3408 1256 3467 Unus
1289 3470 1293 3474 p

136 3474 234 3543 Bong.:
258 3475 424 3542 cooperuisse.
464 3474 544 3526 Docti
567 3475 631 3527 haec
655 3470 692 3527 ita
719 3475 900 3529 emendarunt:
923 3475 1051 3529 Sebisiusr
1078 3478 1256 3545 Composuisse

136 3544 184 3596 ins.
202 3559 271 3624 exsp.
285 3544 405 3624 papillas.
432 3542 616 3626 ,Sohefferussn
630 3544 794 3612 cooperuisse
811 3545 828 3599 i.
842 3562 867 3626 e.
886 3547 988 3612 capillis
1006 3562 1048 3609 os,
1069 3545 1139 3613 quod
1156 3546 1196 3617 ab*
1207 3547 1256 3601 hoe

136 3610 193 3663 loco
216 3611 395 3663 alrenrssrmum
416 3619 469 3676 est,
501 3614 634 3664 Gronovro
659 3620 743 3665 tamen
765 3612 871 3682 placuit.
906 3613 1047 3668 Graeviuss
1073 3615 1161 3682 Inessp.
1186 3632 1255 3684 essp.

20 3748 23 3753 ³
92 3733 94 3736 ,
134 3681 298 3748 papillas
319 3689 389 3732 ueste
407 3690 434 3734 et
451 3698 487 3734 or.
507 3690 574 3734 cont.
594 3685 654 3733 cett.
672 3682 783 3748 (Goth.=
803 3683 904 3750 capillis
921 3701 953 3735 ac
969 3682 1063 3749 ueste.)
1099 3683 1255 3738 Oudendor-

137 3746 194 3817 pins
218 3747 265 3813 (nd
282 3748 379 3801 Lucan.
398 3751 573 3818 v111‚620)=
603 3752 729 3814 confossa
745 3751 848 3819 insuper
867 3759 893 3806 et
910 3769 978 3820 esap.
997 3752 1159 3818 capillisve,
1184 3761 1256 3807 ueste

138 3833 174 3868 cr.
192 3823 254 3869 cett.
288 3817 333 3868 Sic
350 3819 427 3871 etium
445 3821 581 3882 Gronau,
598 3818 647 3870 nisi
663 3819 730 3888 quod
748 3828 775 3879 et
790 3821 902 3887 spirans.
927 3821 1011 3873 Unice
1028 3836 1117 3873 verum
1135 3827 1175 3874 est
1188 3815 1256 3892 quod

137 3883 257 3936 Vorstius
276 3887 400 3954 probante
418 3889 494 3941 etiarn
512 3889 652 3957 Wopkens.
670 3906 685 3940 e
702 3888 778 3941 codd.
792 3889 874 3943 dedit.
908 3890 950 3942 De
967 3907 996 3942 re
1011 3907 1037 3940 v.
1056 3890 1182 3943 Beruooc.

205 3954 282 4017 513.
315 3958 387 4024 regis
404 3959 527 4023 Aristaei]
553 3958 603 4010 imo
628 3955 743 4026 Philippi
760 3957 902 4025 Amyntae,
926 3966 957 4012 ut
972 3959 1028 4028 ipse
1045 3957 1157 4011 Iustinus
1178 3976 1257 4030 supra

137 4023 190 4085 §3
209 4021 408 4087 significaverat.
442 4026 567 4089 „Iustino
592 4025 713 4094 imposuit
735 4028 805 4095 quod
830 4029 935 4097 Trogos
960 4029 1030 4081 forte
1051 4027 1124 4098 regis
1140 4028 1258 4098 Philippi

131 4091 176 4156 fil.
193 4090 344 4159 scripserat:
366 4101 393 4147 et
409 4093 534 4148 Aridaeus
553 4096 689 4164 Philippus
704 4099 763 4165 post
787 4102 892 4151 mortem
908 4095 1049 4151 Alexandri
1065 4098 1258 4165 cognominatas
