2624 4606
90 240 156 303 884
452 228 854 298 1=1JsT1N1

134 393 272 469 fugientes
290 409 356 449 suos
374 391 523 450 abduxisse
542 410 635 450 secum
656 390 783 469 wones
802 390 944 452 Romanas
962 398 1101 471 putaret,
1128 401 1216 456 noha

94 475 277 550 luventini,
298 475 381 534 veluti
394 478 455 535 sine
470 477 679 549 defensoribus,
699 478 871 554 adgreditur.
914 478 989 536 Tum
1007 479 1162 540 Ventidius
1176 500 1216 552 re·

134 562 209 640 liqna
222 568 301 638 porte
312 561 452 637 legionum
467 562 568 620 emissa
588 563 741 620 universam
760 561 924 621 Parthorum
942 583 1059 630 manum
1073 584 1139 622 cum
1153 585 1216 643 regu

135 649 198 726 ipso
211 645 318 704 Pacoro
330 647 473 704 interficit:
499 664 552 704 nec
570 645 625 703 ullo
644 646 718 704 bello
738 645 835 704 Parthi
859 666 989 723 umquam
1013 650 1109 706 innius
1122 650 1216 710 volun

95 737 309 810 llacrepemnt.
344 731 425 789 Haec
444 736 505 788 cum
525 732 555 788 iu
578 730 691 790 Parthia
710 733 838 788 nuntiata
856 736 965 805 esseut,
986 733 1120 807 Orodes,
1141 741 1216 813 pater

17 863 22 873 .
96 874 103 889 ,
135 816 251 887 Pacori,
273 817 321 891 qui
339 815 432 893 paullo
448 821 516 873 aute
530 823 667 873 vastatur
679 816 805 890 Syriam,
825 824 992 894 occupatum
1006 816 1142 892 Adamas
1154 819 1216 878 Par·

135 901 191 960 this
204 900 330 958 audierat
342 903 528 975 victoremque
541 899 676 958 Paconrm
689 900 877 958 Romanorum
890 900 1082 976 gloriabatur,
1103 910 1216 981 repente

135 986 184 1044 filii
202 992 291 1043 morte
312 992 342 1043 et
360 987 496 1043 exercitus
517 983 596 1042 clade
614 986 710 1042 audita
728 1004 763 1043 ex
780 984 878 1046 dolore
900 987 930 1043 in
947 987 1071 1046 furorem
1093 990 1215 1049 vertitur.

95 1075 129 1128 12
136 1070 232 1128 Mrdtis
246 1071 343 1128 diebus
360 1089 416 1127 non
429 1069 542 1145 adloqui
556 1088 740 1146 quemquam,
761 1087 819 1127 non
840 1071 929 1128 cibum
948 1090 1077 1145 sumere,
1094 1092 1156 1148 uon
1171 1090 1215 1130 ro

95 1159 128 1213 13
137 1174 195 1213 cem
209 1155 333 1226 mittere,
346 1154 385 1210 ita
399 1161 431 1211 ut
442 1156 526 1212 etiam
540 1161 632 1212 mutus
646 1155 736 1213 factus
749 1155 894 1212 videretur.
916 1155 986 1212 Post
997 1155 1105 1214 multos
1119 1149 1216 1216 deinde

137 1241 215 1311 dies,
237 1239 285 1295 ubi
306 1238 386 1296 dolor
405 1256 500 1296 vocem
517 1239 679 1313 laxaverat,
705 1239 772 1296 nihil
788 1238 863 1297 alind
879 1258 961 1316 quarn
981 1239 1124 1299 Pacorum
1137 1233 1213 1300 rocs-
1253 1262 1257 1271 ·

137 1325 200 1382 bat:
222 1323 343 1380 Pacoms
363 1322 402 1380 illi
420 1324 523 1395 videri,
543 1323 665 1382 Pacorus
685 1325 776 1382 audiri
790 1325 952 1394 videbatur,
979 1345 1043 1384 cnm
1063 1326 1114 1384 illo
1133 1326 1213 1402 loqui,

95 1410 129 1467 14
137 1428 198 1466 curn
213 1407 259 1465 illo
274 1409 439 1466 consistere:
460 1409 599 1467 interdum
610 1410 690 1484 quasi
704 1411 834 1466 amissum
847 1409 978 1468 flebiliter
987 1409 1117 1470 dolebat.
1151 1411 1213 1471 Pus

136 1493 250 1569 longum
272 1493 374 1550 deinde
397 1491 498 1550 luctum
524 1493 577 1552 alia
597 1493 752 1551 sollicitudo
770 1494 956 1552 miserandum
981 1510 1080 1552 senem
1099 1495 1213 1554 inmdit:

137 1597 220 1653 quem
238 1597 272 1635 ex
289 1596 404 1636 numero
424 1578 538 1653 triginta
554 1578 673 1636 filiorum
692 1579 721 1636 in
738 1578 828 1636 locum
848 1578 944 1636 Pacori
962 1598 1059 1654 regem
1089 1581 1220 1639 destinet..

97 1656 129 1720 15
136 1661 243 1719 Multae
262 1661 397 1738 pellices,
424 1663 575 1738 exquibus
593 1669 726 1740 generata
745 1669 823 1721 tanta
841 1664 968 1721 iuventus
991 1669 1070 1734 erat,
1093 1685 1147 1741 pro
1162 1663 1212 1722 suis

97 1752 130 1804 16
139 1764 267 1822 quaeque
289 1745 423 1804 sollicitae
447 1749 566 1805 animum
584 1748 658 1806 senis
677 1748 853 1824 obsidebant
894 1747 953 1805 Sed
979 1750 1070 1806 fatum
1088 1749 1213 1809 Parthiae

138 1830 222 1900 lecit,
242 1831 271 1885 iu
282 1848 338 1905 qua
349 1830 403 1887 iam
416 1833 500 1906 quasi¹
508 1831 631 1890 solemne
641 1838 685 1890 est
698 1852 780 1908 reges
793 1832 941 1909 parricidas
953 1832 1066 1904 haberi,
1089 1841 1122 1892 nt
1134 1833 1219 1899 sede,

138 1914 292 1973 tutissimus
308 1915 443 1993 omnium,
459 1923 488 1974 et
502 1917 561 1995 ipse
575 1915 727 1975 Phrahates
744 1917 874 1988 nomine,
891 1936 943 1976 rex·
952 1924 1134 1977 statueretur.

114 2005 128 2058 1
224 1999 260 2059 V.
281 1999 381 2075 ltaque
393 2001 502 2076 statim,
523 2003 603 2077 quasi
615 2000 700 2060 nollet
715 2003 802 2073 mori,
822 2009 929 2079 patrem
943 2003 1100 2076 interfecit,
1121 2005 1214 2067 nans
1244 2067 1247 2071 ,

138 2103 249 2162 quoque
271 2103 367 2143 omnes
385 2086 496 2160 trim‘uta
515 2087 642 2144 trucidat
684 2088 743 2145 Sed
755 2106 807 2144 nec
821 2088 850 2142 in
862 2086 924 2144 filiis
937 2093 1048 2144 cessant
1062 2088 1213 2165 parricidis

112 2168 212 2228 tNam
224 2189 285 2227 curn
300 2171 416 2227 infestos
433 2171 484 2228 sibi
497 2171 647 2248 optimates
657 2178 772 2249 propter
787 2171 903 2229 adsidua
918 2171 1022 2229 scelera
1033 2173 1162 2246 videret,
1182 2190 1215 2233 ne

112 2257 212 2339 &lasset
225 2254 272 2330 qui
285 2256 421 2312 nominari
434 2274 482 2314 rex
496 2251 609 2332 posset,
631 2256 757 2315 adultum
774 2255 858 2312 filium
880 2256 995 2314 interfici
1014 2257 1104 2316 iubet
1147 2258 1216 2316 Huic
1255 2256 1257 2265 '

138 2337 276 2398 Antonius
300 2345 413 2417 propter
434 2340 562 2398 auxilium
580 2342 712 2399 adversus
732 2359 763 2398 se
785 2346 814 2398 et
837 2342 984 2399 Caesarem
1006 2339 1096 2409 latum
1119 2343 1217 2401 bellum

24 2477 28 2481 .
138 2443 198 2481 cum
214 2425 334 2482 sedecim
349 2423 522 2482 validissimis
534 2425 688 2499 legionibus
703 2424 806 2483 intulit:
829 2425 879 2482 sed
891 2427 1011 2500 graviter
1026 2427 1124 2486 multis
1139 2447 1218 2506 proc·

113 2507 182 2566 iliis
202 2515 315 2566 vexatus
335 2528 353 2566 a
371 2509 485 2568 Parthia
503 2511 616 2584 refugit.
659 2509 725 2576 Qua
745 2511 857 2566 victoria
883 2509 1045 2568 insolentior
1065 2512 1224 2576 Phrahates·

138 2593 277 2665 redditus,
297 2612 359 2650 cum
372 2593 457 2650 multa
474 2594 620 2651 crudeliter
636 2594 803 2664 consuleret,
822 2595 851 2651 in
865 2593 987 2652 exsilium
1004 2613 1022 2652 a
1039 2598 1152 2676 populo
1172 2616 1218 2656 suo

112 2676 256 2756 5pellitur.
299 2676 395 2754 ltaque
411 2695 471 2735 cum
484 2697 588 2754 magno
601 2683 727 2756 tempore
744 2679 872 2737 finitimas
890 2680 1031 2754 civitates,
1054 2683 1094 2740 ad
1113 2688 1219 2764 postre-

165 2871 182 2935 §
203 2873 242 2924 10.
277 2869 444 2936 ucccpcrm]
462 2867 527 2921 Mss.
544 2869 826 2939 Bonae-umerum.

165 2939 242 3003 313.
277 2937 342 2989 Mss.
360 2937 458 3007 Bong.=
478 2939 508 2990 P.
525 2938 544 2991 i.
561 2939 647 2991 oidoei
662 2940 814 3008 audirique,
832 2947 862 2993 nt
879 2941 962 2993 Goth.
979 2939 1078 2994 omisso
1096 2960 1155 3009 que.
1211 2976 1217 2982 -

163 3009 239 3073 516.
269 3005 358 3072 fecit]
384 3008 425 3059 lta
442 3007 517 3059 codd.
535 3014 563 3060 et
584 3007 644 3062 edd.
661 3024 748 3061 omnes
770 3017 876 3078 praeter
899 3010 972 3064 Leid.
990 3011 1024 3072 Β,
1049 3012 1099 3080 qni
1115 3011 1220 3066 exhibet

95 3074 269 3129 coniecturam
287 3075 308 3128 l.
326 3075 371 3128 Pr.
389 3077 532 3129 Gronoviir
545 3078 618 3142 suit,
634 3076 710 3196 vulbo
727 3087 867 3147 receptam.
903 3079 956 3131 Sed
974 3096 1001 3130 v.
1019 3079 1141 3136 Beneck.

164 3145 322 3212 Phruhotes]
345 3155 456 3214 quartus
472 3162 495 3199 s.
512 3148 623 3198 Arsaces
641 3145 669 3197 Χ·
691 3185 700 3211 ,
725 3148 758 3199 ab
774 3164 799 3200 a.
816 3149 872 3199 lere
889 3151 932 3202 36.
951 3153 1017 3218 dp.
1034 3148 1227 3215 Plutarchum,

95 3209 299 3282 Φραόρτης,
322 3221 352 3269 nt
373 3214 401 3267 in
420 3215 500 3266 Goth.
519 3213 577 3266 cod.
595 3214 689 3284 ubique
712 3216 850 3269 scribitur:
874 3216 1045 3272 Parsiana.
1083 3218 1220 3288 syncellus

95 3283 189 3336 etiam:
206 3277 364 3349 Φραάρτης.
1075 3319 1081 3331 .

59 3382 73 3424 .'
164 3353 196 3403 C.
216 3351 246 3402 V.
272 3355 330 3415 51.
366 3368 451 3402 omnes
467 3349 600 3420 triginta]
623 3349 669 3403 Sic
684 3351 856 3422 Bongarsiani
878 3370 1003 3406 consensu
1027 3354 1160 3410 ridentur
1175 3373 1220 3409 er·
1255 3390 1257 3395 ·

94 3419 200 3480 hibere,
217 3436 272 3472 cnm
285 3436 335 3472 vox
351 3421 416 3488 trig.
434 3420 595 3472 confidenter
609 3437 625 3472 a
641 3421 768 3489 Bongars.
781 3423 915 3491 deleatur,
939 3423 1040 3476 intacta
1057 3426 1124 3477 relin
1147 3436 1220 3478 natm

95 3507 197 3551 omncs,
220 3488 426 3540 eGronorianis
446 3490 463 3542 3
480 3488 589 3554 Leidd.,
615 3490 686 3542 Med.
703 3493 731 3553 2,
758 3491 837 3558 Magi.
856 3491 914 3560 (ῆς
943 3491 1113 3549 acceduutb
1158 3512 1219 3556 arv..
1255 3504 1257 3565 ξ

95 3559 189 3621 Bodl,
207 3559 300 3619 Grau,
319 3558 400 3612 Goth.
438 3559 468 3606 V.
487 3559 611 3614 Bernecc.
629 3569 656 3612 et
679 3559 809 3621 Beneck.‚
835 3561 1031 3614 Burmann'ad
1059 3563 1153 3617 Gratii
1170 3564 1219 3635 cy·

94 3645 154 3698 neg.
175 3630 215 3681 16.
233 3656 266 3665 -
285 3627 389 3689 Perim,
408 3626 464 3680 coll.
485 3627 516 3678 C.
536 3627 566 3678 C.
585 3628 685 3680 numeri
701 3629 853 3681 mentionem
871 3630 1000 3684 omittunt.
1210 3689 1214 3693 ‚

113 3693 116 3699 ’
165 3699 220 3761 53.
258 3697 385 3763 sedecim]
418 3694 485 3746 llled.
504 3699 535 3748 2=
555 3697 611 3758 Xl‚·
634 3697 672 3748 sic
688 3697 803 3750 tortasse
820 3699 992 3763 Plutarchus,
1015 3699 1062 3768 qui
1081 3703 1119 3760 60
1138 3701 1219 3756 millia.

95 3763 200 3816 Livius:
219 3766 365 3834 legionibus
380 3766 528 3817 octodecim.
550 3795 578 3804 -
599 3765 662 3816 Loci
679 3782 721 3835 ap.
739 3767 864 3820 Bernecc.
1109 3815 1112 3818 ,

163 3831 222 3898 84.
261 3836 319 3899 Qua
335 3835 464 3901 victorin]
492 3832 1220 3957 volitantiusinAnnutArap.171sqhicintell-

113 3901 135 3954 ‘t
151 3901 285 3956 victoriam
304 3903 337 3954 de
355 3902 476 3955 Tiridate
495 3912 666 3969 reportatam,
684 3919 706 3955 a.
724 3905 777 3968 29,
806 3913 958 3975 postquam
976 3923 1022 3958 cru
1045 3907 1113 3960 elius
1133 3925 1219 3963 cousu-

104 3971 172 4023 ucrit
188 3971 215 4022 in
234 3971 291 4022 eius
309 3970 410 4023 amicos.
445 3972 498 4022 Sed
515 3989 577 4024 vere
590 3989 646 4025 meo
663 3972 761 4026 iudicio
779 3973 907 4038 Iustinus3
925 3991 992 4043 quae
1009 3976 1044 4029 dc
1061 3977 1135 4032 bello
1154 3974 1219 4032 cirili

94 4037 163 4161 integ
180 4040 317 4160 Phratstern
332 4048 361 4096 et
378 4039 523 4093 Tiridatem
541 4057 556 4092 o
574 4040 658 4095 Dione
675 4050 827 4107 narrantur,
851 4045 884 4098 ad
901 4059 974 4115 seqq.
987 4045 1140 4101 'manilesto
1156 4049 1218 4103 rele-

93 4124 140 4162 ren
158 4125 174 4162 a
190 4124 240 4161 sun
970 4138 973 4143 ⁴
1159 4144 1162 4149 ·

1250 4222 1257 4427 l
