2624 4606
94 247 327 313 eoam
450 215 855 308 rusuuuu
1178 338 1185 349 .

109 401 212 478 tls-agia
230 358 299 461 erat.
341 400 439 478 ltaque
458 415 516 459 non
539 400 618 460 amici
637 404 746 461 tentum
766 400 977 479 praefectique,
1010 406 1209 464 verumetiam

100 520 115 551 ,·
134 486 225 544 omnis
242 485 394 558 exercitus,
415 484 547 564 depositis
561 484 673 545 militiae
694 486 809 558 studiis,
832 488 890 545 otio
910 506 942 545 ac
961 488 1073 546 desidia
1091 490 1209 568 corrupti

4 610 7 615 -
109 571 304 629 emarcebant.
346 570 453 638 Quibus
473 569 555 628 rebus
574 569 691 645 cognitis
711 568 888 643 Antiochus,
909 589 957 630 rex
975 564 1097 646 Syriae,
1119 574 1208 647 ceteri

134 653 208 712 inter
219 672 250 713 se
267 672 416 730 regnorum
432 655 498 711 odio
519 654 676 713 stimulante
695 656 839 730 repentino
854 655 925 714 bello
944 656 1043 714 multas
1056 657 1140 716 urbes
1154 660 1208 718 eius

109 738 273 816 tioppressit
285 739 430 816 ipsamque
448 737 606 815 Aegyptum
623 739 792 813 adgreditur.
836 737 991 817 'l'repidare
1009 740 1097 816 igitur
1116 741 1208 804 Ptole-

122 823 446 899 „maeusylegationibus
462 823 567 895 missis,
581 823 676 899 quoad
689 823 761 880 vires
778 830 905 899 pararet,
919 825 1021 882 morari
1033 825 1207 904 Antiochum.

33 900 39 909 ’
110 905 241 982 chagno
261 906 363 965 deiude
378 907 407 964 iu
428 907 546 965 Graecia
563 907 683 967 exercitu
702 906 837 984 conducto
857 909 1157 986 secuudumproelium
1169 913 1208 970 sa·

134 990 187 1061 cit;
209 989 409 1068 spoliassetque
434 1009 522 1067 regno
543 987 728 1064 Antiochum,
757 991 781 1048 si
796 992 935 1051 fortunam
962 993 1064 1052 virtute
1087 993 1206 1056 iuvisset.

109 1073 194 1133 rSed
205 1080 348 1137 contentus
359 1074 556 1152 reciperatione
568 1075 692 1148 urbium,
712 1093 782 1152 quas
795 1076 939 1151 amiserat,
958 1079 1031 1134 sacta
1042 1095 1113 1154 pace
1129 1082 1207 1140 avide

108 1167 113 1185 ¹
132 1159 275 1216 materiam
290 1159 389 1235 quietis
402 1159 537 1237 adripuit3
556 1152 750 1234 revolutusque
763 1158 792 1215 iu
806 1159 939 1218 luxuriam
956 1162 1046 1218 occisa
1061 1162 1207 1240 Eurydice,

110 1237 113 1243 ’
134 1259 220 1301 uxore
240 1243 393 1329 eademque
413 1262 508 1302 sorore
523 1261 590 1315 sua,
611 1241 790 1319 Agathodiae
812 1246 970 1320 meretricis,
986 1244 1122 1306 illecebris
1135 1249 1207 1327 capi·

24 1332 26 1338 ’
110 1331 195 1398 tltur3
217 1332 301 1402 atquc
319 1326 358 1384 ita
380 1346 488 1386 omnem
506 1328 722 1402 magnitudinem
741 1328 859 1384 nominis
880 1347 913 1386 ac
932 1329 1086 1388 maiestatis
1108 1331 1206 1391 oblitus

109 1415 230 1470 tlnoctes
242 1413 271 1469 in
282 1411 400 1489 stupris,
422 1412 483 1471 dics
498 1412 670 1470 inconvictis
685 1412 829 1468 consumit.
869 1409 1018 1494 Adduutur
1028 1415 1207 1476 instrumenta

134 1492 274 1568 luxuriae,
296 1500 429 1572 tympana
451 1501 481 1554 et
503 1497 668 1574 crepundia;
696 1513 749 1554 uec
765 1495 820 1553 iam
836 1502 977 1572 spectator
996 1516 1060 1572 rex,
1082 1500 1134 1558 sed
1150 1521 1206 1559 ma·

95 1579 224 1654 logister
235 1579 374 1654 nequitiae
385 1598 529 1638 nervorum
541 1581 741 1640 oblectamenta
758 1578 921 1660 modulatur.
962 1580 1041 1642 Haec
1061 1570 1151 1662 primo
1169 1584 1206 1646 la·

135 1663 259 1721 borantis
273 1664 367 1741 regiae
380 1663 480 1722 tacitae
495 1670 591 1744 pestes
603 1672 632 1723 et
645 1663 767 1724 occultae
779 1657 863 1727 fuere.

94 1789 301 1800 σιμ-α

144 1845 258 1932 ⁸ragita]
273 1848 292 1902 2
309 1845 409 1913 Grou„
427 1843 570 1917 Frauccq„
587 1844 668 1901 Dorr.
686 1847 711 1901 2.
728 1849 762 1904 8:
779 1847 869 1919 regio,
887 1853 917 1902 ut
934 1847 993 1902 cdd.
1011 1854 1078 1904 vett.
1114 1851 1204 1922 Prag.=

21 1931 268 1984 ,πῆμ’

162 1987 179 2051 s
196 1982 223 2038 4.
256 1982 412 2051 Antiochus]
431 1982 539 2047 tertius,
558 1983 669 2053 Magnus
686 1981 889 2052 cognominatus.

161 2055 294 2122 ipsamque
304 2053 460 2122 Aegyptum]
480 2051 533 2116 Qui
550 2053 599 2105 hoc
615 2058 675 2105 aute
692 2051 815 2105 Iustinum
830 2055 871 2105 val
890 2053 1005 2122 Trogum
1022 2054 1138 2124 scripsit,
1156 2057 1206 2126 sy

94 2122 150 2176 riae
168 2129 256 2192 partes
272 2120 416 2183 intellexit,
444 2138 511 2190 quae
533 2120 560 2173 in
585 2120 769 2191 Aegyptiorum
795 2121 893 2174 ditione
917 2128 1006 2189 crant,
1037 2123 1157 2192 regiones
1175 2125 1207 2178 ab

94 2193 214 2262 Aegypto
232 2190 265 2242 ad
287 2186 444 2242 Phoeniciaa
467 2189 561 2241 flumen
579 2190 746 2243 Eleutherum
767 2196 795 2244 et
818 2191 941 2244 munitum
964 2189 1087 2261 oppidum
1111 2193 1207 2246 Ortho-

94 2261 158 2315 stan
175 2260 257 2312 sitae:
275 2264 331 2311 tota
349 2275 432 2327 paene
451 2259 605 2326 coelesyria.
1223 2272 1225 2276 ’

161 2331 221 2394 §a
254 2329 394 2382 aeneadum
407 2329 533 2394 proelium
544 2327 628 2395 facit]
645 2325 679 2380 ad
695 2324 822 2395 Raphiam
838 2327 998 2397 „oppidum
1016 2329 1085 2397 quod
1102 2328 1130 2381 iu
1144 2328 1209 2388 tori·

93 2398 143 2450 bus
159 2395 273 2470 Aegypti
289 2400 359 2449 est.“
376 2395 512 2462 (Hieron.)

156 2468 295 2532 fortunam
309 2465 372 2518 virt.
388 2462 420 2528 t]
448 2464 511 2515 Cum
528 2462 554 2514 in
571 2461 664 2532 paucis
681 2459 755 2515 codd·
774 2469 884 2516 receutt
901 2461 1056 2517 adversante
1078 2465 1208 2520 sententia

93 2533 145 2587 loci
161 2533 304 2600 legeretur=
317 2534 431 2597 fortuna
446 2533 569 2585 virtatem
585 2532 704 2598 tuomet,
727 2531 754 2582 iu
772 2532 852 2585 Goth.
870 2533 989 2601 provenit
1005 2532 1096 2587 lectio:
1118 2538 1208 2601 sortu-

93 2619 144 2656 aas
160 2603 282 2655 virtutem
291 2600 422 2652 tuaaimt.

111 2738 118 2753 .
161 2672 224 2734 §Z
255 2668 370 2732 urbium,
388 2680 453 2734 paca
468 2664 533 2734 aaa]
555 2664 729 2735 coelesyriae.
765 2666 863 2722 Bellum
879 2666 940 2722 iudo
962 2675 1070 2724 vocatur
1088 2672 1208 2741 coelesy-

93 2755 201 2791 nucum

27 2846 32 2856 .
93 2863 145 2926 xv
161 2802 308 2925 Bagrydico]
335 2801 434 2867 Errat3
449 2801 592 2856 vocabatur
607 2796 732 2867 Arsino&
750 2819 776 2856 v.
794 2803 1005 2874 Schweighaeus.
1023 2797 1058 2858 ad
1075 2806 1209 2876 Polybium

307 2876 374 2923 extr.

68 2938 82 2985 ἶ
128 2875 188 2994 .’A2
207 2874 352 3007 brianzone]
382 2939 477 3026 Prag,
502 2938 561 2992 edd.
584 2943 650 2996 vett.
663 2944 701 3000 ¹ot
725 2939 847 2994 Hiorou.=
871 2943 1043 3013 Agathoclea.
1091 2943 1209 3013 Graeci:

92 3005 174 3079 Ἅγαθ
193 3011 284 3076 ulam,
304 3009 449 3061 Plutarch:
466 3008 626 3076 Αγαθοκλία
645 3009 695 3076 (¹3).

91 3148 101 3201 ι
160 3083 177 3145 §
195 3081 220 3200 ξ.
257 3078 320 3131 Mas.
339 3079 438 3147 Bong.,
460 3078 519 3131 edd.
537 3085 618 3133 vettr
642 3079 711 3132 omni
727 3079 926 3149 magnitudine3
951 3097 985 3132 an
1002 3078 1145 3149 genitivum
1162 3097 1210 3135 vo·

102 3153 196 3203 nerunt
830 3168 832 3171 ·
1127 3176 1129 3180 ·

160 3221 177 3284 §
189 3219 219 3274 ,9.
253 3216 411 3284 crepundia]
436 3214 557 3286 Explicat
578 3214 750 3286 Burgarsiusr
775 3213 1014 3284 ,,κροτοπαίγνια,
1038 3215 1209 3285 crepitacula,

92 3285 169 3338 sistra
187 3285 361 3352 Aegyptiace,
385 3286 485 3338 crotala
507 3285 534 3336 iu
557 3285 763 3339 saltationibus“
787 3291 848 3338 cett.
882 3284 980 3336 Eodem
1002 3286 1075 3337 modo
1098 3285 1210 3338 Facoio·

3 3416 9 3425 .
92 3355 158 3407 latus
175 3353 218 3405 vel
233 3353 361 3420 Forcell„
379 3353 492 3405 addausr
511 3353 599 3419 „quia
615 3354 761 3407 >huiusmodi
779 3353 836 3406 dari
853 3357 881 3404 et
898 3353 985 3420 pueris
1001 3353 1119 3405 solebant
1136 3355 1210 3407 lusus

91 3422 207 3491 gratia.“
240 3423 293 3474 Res
311 3426 409 3475 incerta
426 3438 509 3489 neque
527 3422 595 3473 aliud
620 3423 696 3475 ulluuu
719 3422 793 3474 huius
811 3436 872 3472 usus
890 3424 1040 3488 exemplum.
1076 3422 1105 3472 ln
1123 3424 1211 3477 Graa-

92 3491 129 3543 cis
147 3492 259 3544 tortasse
277 3491 412 3558 legebatur
429 3508 469 3557 κρ
480 3488 639 3554 ονπέζαι
663 3491 710 3556 (de
728 3491 820 3558 quibus
837 3491 953 3557 Boettig.
970 3491 997 3540 iu
1021 3492 1089 3542 Mur.
1109 3495 1165 3546 Art.
1184 3491 1208 3554 l,

91 3560 110 3611 f.
127 3562 153 3612 2.
172 3578 197 3630 p.
216 3560 282 3623 3333
301 3559 363 3627 quid
380 3559 416 3611 sit
433 3560 490 3610 doc.
502 3560 562 3623 fob.
579 3559 643 3615 dias.
659 3557 695 3610 11.
716 3577 740 3628 p.
748 3560 779 3626 7)
797 3559 875 3611 etad
893 3575 983 3610 vocem
1001 3576 1107 3627 crepare
1124 3560 1210 3627 respl-

91 3628 168 3684 oitur.
203 3626 354 3681 confirmari
377 3627 426 3678 hoc
451 3626 567 3696 proxime
590 3625 759 3694 sequentibus
783 3629 853 3694 puto.
888 3625 955 3679 Edd.
974 3632 1051 3681 vett:
1077 3628 1209 3697 tripudia,

18 3706 21 3710 ’
62 3694 64 3699 ’
93 3712 148 3748 cum
167 3695 243 3748 Grac.
261 3701 288 3747 ct
307 3695 389 3762 Prag.
406 3721 440 3733 --
456 3695 548 3747 Paullo
567 3705 626 3763 post
641 3711 700 3748 mas.
719 3696 819 3763 Bong.:
837 3695 916 3747 etiam
934 3703 1066 3762 spectatur
1082 3713 1105 3746 r.

78 3793 80 3796 v
160 3767 237 3826 ΜΟ.
271 3764 415 3817 loborantis
440 3762 525 3830 (malo
542 3763 665 3815 intestino
683 3763 861 3830 aegrotantis)
887 3765 978 3832 regiae
996 3773 1015 3815 t.
1031 3781 1059 3830 p.
1078 3771 1104 3816 ct
1122 3766 1212 3816 occul-

92 3837 136 3885 toe
147 3831 185 3898 f.]
202 3831 247 3883 Sic
264 3833 339 3884 codd.
356 3831 439 3900 Bong.
458 3837 561 3900 praeter
578 3847 653 3884 unum
672 3836 698 3882 ct
725 3832 852 3884 Gronovii
870 3831 945 3899 longo
963 3832 1067 3899 plures;
1093 3831 1211 3899 integer-

92 3899 163 3972 rime.
198 3899 284 3966 Vulgo
303 3917 334 3952 ex
357 3899 423 3951 lunt.
444 3901 541 3954 editum
558 3901 658 3953 fuerat:
681 3907 709 3954 et
726 3903 826 3952 occulta
843 3903 930 3952 mala
949 3903 994 3967 f.‚·
1019 3907 1048 3950 ut
1066 3901 1081 3952 5
1099 3908 1212 3957 receutt.

48 3997 70 4015 ·.
93 3968 223 4031 Gronov.,
249 3967 391 4021 3Dorvill.
409 3975 436 4020 et
454 3970 486 4022 al.
505 3986 590 4032 racc,
616 3974 644 4021 at
661 3984 726 4027 uuus
751 3974 850 4019 tanturn
867 3969 950 4037 Bong.
987 3968 1057 4021 vett.
1077 3968 1135 4024 cdd.
1154 3986 1212 4022 cum
1245 3990 1247 3995 ·

92 4036 255 4098 2Gconov„
272 4035 353 4088 Dorv.
371 4038 403 4100 2,
421 4038 515 4105 Pragr
535 4038 659 4104 labentis,
682 4036 750 4105 quod
768 4037 899 4088 Graevius
916 4038 1026 4088 mutavit
1043 4037 1069 4089 in
1086 4039 1211 4102 labantis,

92 4103 259 4157 confirmante
276 4103 408 4176 Gronoyio
424 4118 451 4174 p.
470 4108 538 4167 936,
556 4105 684 4159 renitente
700 4104 932 4158 Seidenstucckcro
950 4105 967 4156 l.
986 4105 1003 4157 l.
1022 4124 1049 4176 p.
1067 4107 1091 4160 9.
