2624 4606
306 240 498 319 ¹ursana„
525 240 610 302 ura.
631 241 706 304 xm.
735 181 831 306 ose.
853 249 882 312 a.
905 245 935 313 4.
965 233 971 241 ’
1115 246 1178 311 sca

58 397 191 476 quoniam
210 392 329 454 fatorum
348 396 476 475 auspiciis
498 395 527 454 in
545 415 592 456 eas
610 396 690 458 sedes
703 396 788 459 delati
800 398 992 473 erant,·brevi
1010 402 1137 478 tempore

57 499 176 559 magnas
192 498 261 558 opes
277 487 419 559 paravere.
463 479 555 539 Multa
568 483 671 542 deinde
683 482 763 541 huius
775 483 849 542 urbis
861 485 991 543 adversus
1005 483 1160 546 finitimost

60 567 150 640 bella,
170 564 274 624 multae
288 565 373 624 etiam
386 567 554 629 domesticae
568 567 756 627 dissensiones
767 569 853 627 suere.
883 567 960 627 luter
972 573 1063 629 cetera
1077 587 1137 628 ma·

59 652 163 731 gnifica
176 649 222 708 vel
233 649 381 728 praecipue
400 649 468 707 illnd
485 650 662 710 memorabile
677 651 738 710 snit
780 650 852 711 Cum
873 671 964 712 rernm
980 648 1161 731 potirentur9

59 735 244 796 Athenienses
260 734 397 810 victisque
411 735 505 793 Persis
523 735 661 795 Graeciae
678 739 707 795 et
724 734 809 796 Asiae
828 737 960 796 tributum
974 738 1003 795 in
1019 737 1153 815 tutelam,

59 820 155 880 classis
174 818 402 897 descripsissem,
431 819 557 878 omnibns
581 818 681 900 cupide
706 820 744 878 ad
767 821 936 901 praesidium
954 819 1137 882 saludssuae
1209 862 1229 882 ,r

57 904 264 965 conserentibus
278 902 328 961 soli
341 903 535 963 Heraclienses
555 903 593 962 ob
610 903 759 964 amicitiam
779 925 876 982 regum
894 905 1065 965 Persicorum
1082 905 1139 967 col·
1195 954 1198 962 .

57 989 190 1049 lationem
209 988 372 1046 abnuerant
413 987 518 1047 idiasus
544 988 639 1066 itaque
662 987 934 1050 ab'htheniensibris
954 988 1109 1050 Mnasias
1122 990 1181 1052 *10

58 1093 121 1135 cnm
134 1073 257 1133 exercitu
269 1073 306 1131 ad
321 1075 540 1150 extorquendum
552 1073 630 1150 quod
643 1073 807 1151 negabatur,
819 1076 888 1134 dum
902 1074 1003 1134 relictis
1014 1075 1045 1133 in
1058 1075 1139 1137 litore

14 1168 16 1174 “
57 1158 175 1219 navibus
191 1175 275 1234 agros
288 1156 510 1219 Heracliensium
530 1157 696 1237 populatur,
721 1157 837 1218 classem
854 1155 915 1219 eum
937 1150 1041 1219 maiore
1058 1165 1139 1240 parte
1250 1215 1251 1218 ,

57 1243 194 1303 exercitus
209 1242 355 1320 naufragio
368 1243 527 1320 repentinae
546 1243 721 1322 tempestatis
743 1244 844 1303 amisit.
886 1244 986 1322 ltaque
1006 1263 1067 1302 eum
1088 1250 1178 1305 neit

58 1338 116 1406 qne
133 1326 202 1386 masi
220 1331 318 1405 posset
339 1327 447 1385 amissis
469 1327 600 1403 naribus,
627 1333 813 1405 neque'terra
837 1329 954 1388 auderet
971 1340 1032 1388 eum
1053 1340 1150 1408 parva

58 1428 145 1473 uranu
157 1412 229 1470 inter
243 1416 286 1468 tot
300 1412 483 1471 ferocissimas
496 1417 596 1488 gentes
611 1413 724 1472 reverti:
746 1411 937 1473 Heraclienses
954 1412 1140 1481 honestiorem

58 1497 186 1557 benetieii
201 1513 284 1572 qnam
300 1495 411 1554 ultionis
424 1498 597 1556 occasionem
610 1498 665 1554 rati
684 1498 831 1556 instructos
850 1498 1048 1557 commeatibus
1061 1499 1147 1556 auri.

57 1583 158 1657 liisqne
185 1581 351 1654 dimittunt,
381 1582 454 1641 bene
478 1598 607 1658 agrorum
630 1600 742 1641 suorum
764 1581 969 1663 populationem
987 1582 1183 1662 impensamlt

60 1667 263 1738 existimantes,
283 1665 324 1738 si,
345 1685 417 1743 quos
430 1666 525 1741 hostes
543 1666 712 1741 habuerant,
734 1668 836 1725 amieos
849 1667 1045 1727 reddidissent
1107 1684 1110 1689 ·

147 1749 194 1808 lV.
216 1749 294 1807 Passi
309 1757 375 1809 snut
386 1752 459 1810 inter
468 1751 587 1830 plurima
607 1749 678 1808 mala
691 1751 774 1810 edam
787 1751 976 1827 tyrannidem:
997 1751 1184 1829 siqnidem!
1211 1787 1216 1792 -
1282 1771 1286 1775 ·

60 1855 120 1896 orm
133 1834 213 1913 plebs
226 1839 255 1893 et
265 1852 353 1894 novas
366 1836 473 1894 tabulas
488 1842 517 1895 et
527 1836 689 1895 divisionem
701 1854 830 1914 agrorum
843 1837 958 1896 divinam
974 1835 1142 1914 impotenter

59 1921 216 1998 flagitaret,
237 1919 285 1976 diu
297 1937 329 1979 re
346 1921 375 1978 in
390 1925 490 1979 senatu
501 1926 636 1992 tractata,
659 1940 721 1980 orm
735 1921 822 1980 exitus
835 1921 875 1980 rei
892 1940 949 1980 non
962 1921 1166 1996 inveniretur,3

60 2007 98 2064 ad
115 2011 284 2083 postremum
302 2005 433 2064 adsersus
446 2005 556 2083 plebem
570 2006 655 2063 nimio
668 2007 726 2063 otio
742 2005 928 2065 lascivientem
944 2005 1043 2064 auxilia
1055 2023 1074 2065 a
1088 1994 1142 2065 Ti·

61 2091 191 2162 rnotheo,
211 2087 420 2148 Atheniensium
448 2091 543 2161 duce,
577 2109 641 2147 mor
664 2089 700 2147 ab
724 2089 918 2168 Epaminonda
941 2089 1141 2149 Thebanorum

60 2176 193 2256 petivere.
236 2172 373 2251 Utrisque
390 2175 556 2251 negantibus
578 2174 616 2230 ad
637 2172 817 2253 (ilenmhum,
845 2182 928 2250 q'nem
946 2174 1001 2252 ipsi
1019 2175 1049 2232 in
1068 2175 1166 2234 ersi-4
1283 2204 1293 2225 ι

60 2260 126 2319 lium
150 2262 283 2336 egerant,
308 2261 465 2319 decurrunt.
509 2256 604 2317 Tanta
628 2257 820 2319 calamitatium
841 2259 990 2321 necessitas
1008 2259 1078 2335 fuit,
1100 2263 1172 2336 ut,5'

146 2381 160 2413 *
183 2375 329 2438 Malechus

130 2603 147 2667 S
165 2601 197 2665 8.,
225 2599 323 2652 multoc
338 2626 368 2637 ·-
386 2598 454 2653 dora.
468 2599 656 2667 dissensiones]
682 2597 729 2652 Sic
744 2597 822 2653 codd.
838 2598 921 2670 Boug.
939 2600 1045 2668 practer
1060 2613 1140 2652 nuum
1153 2605 1181 2653 et

45 2669 168 2727 dimidia
190 2668 247 2723 iero
269 2683 329 2733 pars
350 2666 482 2733 Gronau,
499 2668 603 2732 ceses
632 2668 772 2722 editoribus
797 2686 860 2722 vero
884 2667 1046 2739 praeplacnit
1068 2667 1137 2738 qnod
1153 2667 1180 2721 iu

60 2744 74 2796 1
95 2739 179 2806 Bong.
196 2743 251 2800 est,
268 2735 362 2804 Prag„
381 2736 472 2799 Goth,
489 2736 506 2788 7
524 2739 640 2790 Gronov.
658 2736 835 2808 interpolatis:
854 2740 939 2792 molto
955 2755 978 2792 c·
996 2738 1065 2795 doru.
1081 2737 1181 2793 discen

56 2808 140 2871 aionis
151 2808 223 2860 mah
234 2807 278 2873 f.‚·
292 2802 340 2873 jin
355 2803 435 2873 vulgo
451 2804 558 2873 legitur.
872 2859 876 2862 ,
1058 2849 1060 2852 .

78 2928 80 2934 .
130 2878 207 2942 510.
242 2873 408 2941 bononem
434 2873 480 2927 Slo
498 2873 653 2942 Bongarsins
670 2891 686 2926 e
703 2873 761 2931 cod.
778 2873 896 2938 Cniacii3
920 2873 1048 2930 accedant
1065 2873 1181 2940 Mem,

28 3003 36 3012 ,
57 2943 135 3000 haid.
152 2945 178 2998 2
195 2943 231 3007 5,
257 2944 335 3010 Prag.
370 2940 461 2994 Ceteri
484 2959 541 2995 mss.
558 2950 586 2994 et
603 2941 662 2994 edd.
680 2951 761 2996 setta
778 2944 924 2998 Molocbos.
957 2944 1041 2997 Recta
1057 2943 1121 2996 illud
1137 2961 1179 2996 re-

57 3014 176 3136 sttitrptppm
190 3009 567 3133 fflsswffi‘fflssffimi
585 3009 721 3132 zizanii,
744 3011 790 3064 ubi
805 3018 891 3066 minen
909 3010 1040 3067 consilinm
1057 3011 1179 3067 Lamachi

189 3099 198 3132 r
232 3098 252 3133 ss
543 3098 556 3132 s
722 3116 728 3130 .
1159 3127 1161 3131 ,

59 3101 75 3136 e
128 3096 224 3204 QelV.
242 3150 259 3215 S
276 3150 302 3202 2.
320 3150 394 3218 plebs
410 3155 438 3202 et
452 3165 534 3202 nonos
550 3097 626 3216 ogit]
643 3147 688 3200 Sic
707 3144 786 3200 bodie
803 3143 889 3199 editur
904 3145 950 3214 (nt
967 3142 1053 3211 Gran,
1070 3145 1179 3215 Pragffl

57 3227 125 3274 vett.
140 3218 199 3271 edd.
216 3225 245 3273 st
258 3217 356 3288 Bonas
371 3218 408 3287 pl.
425 3219 505 3270 etiarn
522 3232 611 3269 nonos.
647 3216 747 3268 Gotho
765 3231 822 3280 mssa
839 3214 920 3268 ctiam
933 3216 1007 3284 plebs
1024 3233 1065 3280 n.,
1089 3217 1180 3269 ousiam
1214 3271 1217 3275 ,

57 3291 86 3342 in
103 3291 120 3354 ς
139 3290 152 3343 1
172 3303 237 3340 voca
253 3287 342 3342 etiam.
366 3313 400 3325 -
432 3287 505 3339 Haeo
521 3285 649 3338 Romanus
671 3282 782 3352 scriptor
798 3283 958 3352 popularium
976 3300 1077 3337 suornm
1093 3282 1180 3336 sensui

24 3372 27 3377 '
57 3357 190 3413 ac'rebns
212 3354 414 3408 accommodasse
431 3354 547 3417 videtur,
577 3370 633 3406 nam
651 3352 689 3404 ita
713 3351 865 3405 Aristoteles
880 3350 936 3404 Pol.
956 3353 987 3405 V.
1005 3353 1039 3406 6:
1061 3350 1179 3421 norl'(ns·

57 3426 178 3480 coiacus
194 3422 226 3477 ni
243 3419 427 3510 όλιγιιιρχίαι)ζ
454 3417 529 3477 ὅπου
552 3439 587 3475 ro
614 3416 778 3490 δικαστήρια
800 3417 837 3487 μὴ
863 3413 893 3472 ἐκ
909 3421 962 3493 cori
977 3416 1180 3487 πολιτεύματός

58 3490 186 3561 sonoro
243 3493 379 3578 apertiores
395 3502 449 3560 pop
465 3488 539 3559 πρὸς
554 3488 607 3559 cde
624 3490 725 3558 κρίσεις
740 3485 944 3559 μεταβάλλουσι
955 3485 1009 3558 τὴν
1019 3488 1178 3542 πολιτείαν·

58 3559 130 3632 ὅπερ
148 3579 185 3615 κα
196 3556 244 3614 ‘to
267 3561 407 3634 Hpoatolp
424 3556 531 3629 ἐγένετο
550 3560 585 3630 τῇ
604 3555 633 3612 ἐν
652 3555 770 3628 Πόντῳε
786 3558 834 3611 nisi
851 3559 917 3612 haec
934 3558 968 3611 de
984 3558 1179 3612 vetustiorara·

57 3649 115 3688 ram
133 3630 332 3685 commutatione
355 3630 504 3698 accipienda
528 3638 602 3692 sunt,
628 3628 661 3681 de
695 3633 730 3681 na
748 3628 781 3680 ad
799 3630 816 3693 S
834 3623 860 3680 4.
895 3625 997 3680 Diuites
1018 3632 1102 3680 summ
1126 3632 1199 3680 tum·

56 3700 165 3756 insidias
181 3696 303 3753 medrisse
321 3698 390 3768 plebi
408 3706 519 3768 apparet
535 3714 568 3750 ex
585 3699 672 3751 Aenea
715 3696 799 3748 actico
817 3712 859 3764 ap.
877 3695 1019 3761 Orchiam,
1035 3695 1081 3765 qui
1097 3695 1124 3749 iu
1135 3696 1178 3753 sd·
1275 3734 1277 3739 ,

56 3766 202 3827 Memnonis
219 3767 326 3836 collegit
343 3785 411 3835 quae
429 3774 531 3818 veteres
547 3766 580 3819 ds
598 3765 724 3818 Heraclea
743 3763 927 3834 prodiderunt,
944 3780 971 3834 p.
989 3766 1048 3828 119.

114 3842 144 3904 'S
160 3837 187 3894 3.
221 3837 358 3903 mommo]
377 3837 437 3888 Mss.
455 3835 553 3887 Modiis
569 3841 667 3889 tronto.
759 3901 761 3904 y
1162 3892 1166 3905 Ι

127 3909 212 3961 scitas
227 3906 283 3973 rei]
313 3905 412 3956 Voeub.
436 3904 476 3957 rai
497 3903 634 3957 delendum
657 3919 707 3955 non
731 3918 787 3954 essa
804 3899 973 3954 ostenderunt
989 3900 1128 3972 Wopkens.
1146 3900 1179 3955 ad
1234 3914 1237 3919 ·

58 3979 84 4028 h.
103 3976 121 4028 l.
139 3981 168 4028 et
183 3974 315 4042 Drakenb.
334 3974 366 4026 ad
384 3972 442 4027 Lis.
458 3971 502 4036 11,
521 3975 554 4028 18
571 3979 599 4025 et
615 3971 686 4026 alibi.
1062 4008 1068 4019 .

128 4041 190 4111 §4-
226 4043 326 4096 Similia
344 4041 528 4094 Heracleenses
544 4041 622 4094 etiam
645 4038 758 4108 antiquis
780 4038 936 4122 temporibus
954 4037 1129 4108 passiersnt,
1150 4043 1181 4091 ut

28 4116 33 4127 “
59 4112 218 4244 hriptotsles'
228 4119 318 4165 narrat
335 4111 393 4164 loco
410 4111 443 4166 ab
460 4110 562 4166 Orellio
581 4119 608 4164 st
626 4109 766 4162 'l'itmaunc
783 4115 881 4181 praester
898 4105 1087 4241 prsppermissm
1103 4106 1179 4159 Polit.
1257 4163 1261 4171 ⁸

116 4204 249 4244 narrans.
482 4228 484 4233 ,
567 4211 577 4255 ς
