2624 4606
403 248 599 310 nrsron.
623 248 710 310 nm.
733 250 782 310 rx.
813 248 910 340 oar.
933 256 962 319 e.
1157 258 1234 323 nn

106 408 196 467 ander
210 423 268 462 non
284 405 312 461 in
326 404 445 477 hostes,
468 404 518 464 sed
533 404 562 461 in
578 423 643 462 suos
656 405 804 464 saeviebat.
834 406 1025 475 Quamobrem·
1034 405 1190 486 Philippum
1200 415 1233 471 16

105 512 194 570 saepe
206 489 376 548 vulneratum
391 488 498 568 proelia
512 489 656 548 remisere:
678 489 722 547 hio
733 491 880 550 amicorum
894 493 1053 553 interfector
1065 494 1190 551 convivio
1210 486 1213 493 ’

104 580 268 654 frequenter
281 576 406 635 excessit.
448 575 582 649 Regnare
598 573 643 633 ille
656 592 716 631 cnm
730 575 824 634 amicis
838 576 966 649 nolebat,
988 577 1032 636 hic
1049 578 1189 637 inamieos
1200 585 1232 637 17
1248 634 1251 639 .

104 665 194 739 regim
210 656 365 720 exercebat.
408 658 502 718 Amari
517 663 600 737 pater
612 657 708 731 malle,
729 660 774 717 hic
786 661 878 718 metui.
921 660 1087 721 Litterarum
1100 663 1232 727 cnltus18

105 748 216 823 utrique
226 743 331 803 similis.
373 744 518 804 Sollertiae
538 748 621 821 pater
643 743 770 818 maioris,
798 744 842 802 hic
862 746 937 804 fidei.
980 747 1078 805 Verbis
1104 755 1188 824 atque
1202 752 1231 804 19

31 894 34 901 ,
105 833 234 891 oratione
246 827 407 906 Philippus,
424 829 468 887 hic
488 828 570 887 rebus
582 828 759 886 moderatior.
802 829 937 890 Parcendi
957 831 1036 889 victis
1054 830 1111 889 filio
1131 834 1232 890 aui-20

104 934 166 978 mus
182 921 211 974 et
223 914 359 992 promtior
377 920 407 972 et
423 913 579 984 honestior3
603 910 660 990 [ille
672 932 723 971 nec
739 915 821 975 sociis
840 912 1020 994 abstinebat]
1062 914 1190 992 Frugali-

104 1003 158 1061 tati
179 1006 276 1078 pater,
297 998 420 1074 luxuriae
442 999 513 1056 filius
537 998 627 1074 magis
649 998 760 1056 deditus
782 1004 851 1058 erat.
895 1000 1004 1068 Quibus
1019 1002 1122 1058 artibus
1143 1021 1188 1058 or·
1196 1006 1229 1060 21

105 1088 149 1148 bis
178 1084 287 1163 imperii
314 1085 492 1148 fundamenta
521 1088 604 1163 puter
630 1083 712 1159 iecit,
746 1084 838 1164 operis
866 1086 952 1147 totius
981 1085 1188 1163 gloriantibus

105 1170 314 1233 consummavit,
371 1237 376 1246 Ι

105 1304 315 1335 ...n-——n-i--q-

174 1406 203 1456 s'n
217 1403 319 1470 hortm]
337 1400 385 1453 Sic
401 1400 510 1467 sensu,
528 1403 642 1469 Bellon,
664 1421 721 1457 mss.
740 1403 858 1475 plerique
876 1405 1011 1471 Granum,
1026 1407 1060 1460 ob
1078 1405 1231 1471 varietatem

105 1474 218 1529 suavius.
254 1473 352 1541 Vulgo:
370 1473 398 1522 in
414 1473 527 1538 bostem,
554 1474 630 1527 etiam
648 1475 733 1540 Bong.

175 1543 325 1606 saeviebat]
357 1542 404 1593 Sic
426 1542 522 1608 linig„
546 1543 660 1607 Sarisb.,
682 1543 798 1606 llellov„
821 1549 849 1597 et
871 1543 962 1609 codd,
986 1543 1015 1601 rt
1030 1545 1121 1611 tahar,
1146 1561 1230 1601 omissa

106 1620 212 1684 praeter
231 1611 289 1663 coll.
310 1610 362 1671 N..
386 1611 455 1663 unde
472 1612 533 1665 edd.
550 1612 644 1666 nostris
660 1611 759 1665 illatum
776 1617 829 1665 est:
846 1612 955 1666 saevire.
1163 1627 1170 1638 ·

175 1681 253 1747 §ffi
289 1680 456 1747 interfector]
482 1681 565 1734 Codd.
586 1681 667 1750 Bong.
691 1699 791 1750 omnes,
818 1682 990 1753 7Gronov.,
1011 1683 1112 1747 Goth,
1138 1683 1230 1753 Prng,

106 1750 220 1805 sarisb-r
238 1750 448 1815 interfectorum,
467 1750 575 1819 proclivi
592 1750 675 1820 lapsu.
1084 1812 1088 1819 Ι

175 1820 253 1886 517.
288 1837 345 1870 eum
363 1818 455 1870 unicis
473 1821 594 1888 nolebat]
617 1821 641 1873 i.·
654 1838 677 1872 e.
696 1818 799 1940 ‹pusndo
822 1819 892 1873 inter
916 1819 1010 1874 amicos
1035 1827 1116 1884 esset,
1141 1837 1230 1890 Qum

106 1907 187 1958 agere
204 1889 324 1951 nolebat,
347 1886 393 1938 sed
411 1904 506 1940 comem
523 1908 551 1941 se
569 1897 596 1942 et
618 1890 701 1942 affabi
712 1907 752 1942 em
812 1890 937 1953 aebebat3
964 1907 1045 1960 quare
1062 1885 1228 1956 ἐσεμνύνετο

106 1963 166 2020 τοῖς
184 1955 232 2010 διὰ
252 1957 302 2024 τῆς
320 1951 429 2022 ὁμιλίας
447 1952 657 2026 ἐπιτεύγμασιν,
676 1958 784 2012 Diodor.
828 1959 877 2021 VI,
894 1961 937 2015 95.
973 1958 1016 2013 Gi.
1036 1977 1103 2029 qnae
1120 1958 1162 2012 hio
1175 1958 1229 2011 illic

105 2027 244 2080 Aeschines
267 2033 364 2078 orator.
408 2027 534 2078 Similiter
560 2027 681 2082 vorstius.
723 2025 906 2096 splendidiore
934 2027 1037 2096 quidem
1061 2028 1095 2081 ad
1118 2027 1229 2097 speciem

105 2096 267 2167 oppositione
291 2095 370 2162 vulga
395 2113 410 2146 e
434 2095 530 2146 Sebisii
556 2096 623 2151 coni.
648 2095 758 2165 legiturr
783 2114 858 2165 regn.
875 2098 921 2149 ille
938 2115 994 2151 curn
1012 2098 1103 2150 amicis
1126 2098 1230 2151 volabat

105 2169 146 2235 (v.
165 2164 336 2230 Graeciam),
361 2164 407 2215 sed
426 2169 497 2215 reete
515 2163 737 2219 animadvertente
754 2163 872 2217 Weiskio
889 2165 937 2233 (de
949 2166 1014 2235 bpp·
1032 2167 1062 2218 P.
1081 2165 1105 2230 l.
1121 2182 1146 2233 p.
1164 2165 1248 2230 20):.,

106 2233 282 2303 „Philippum
310 2250 365 2285 curn
391 2231 478 2284 amicis
508 2249 614 2302 regnum
643 2233 840 2289 communicasse
867 2235 950 2287 minus
981 2251 1043 2287 vere
1069 2233 1229 2285 diceretur.“
1256 2289 1259 2294 .

106 2305 185 2368 Quod
202 2305 269 2356 idem
287 2301 407 2354 coniicit:
426 2319 514 2354 coram
531 2304 635 2366 amicis,
653 2302 681 2354 id
699 2319 748 2354 non
767 2301 934 2356 necessarium
952 2319 1007 2354 esse
1024 2301 1137 2353 videtur.
1178 2301 1229 2352 Vo-

106 2376 176 2428 lebat
192 2378 278 2425 tamen
297 2372 375 2424 habes
394 2389 435 2441 ap.
453 2371 598 2437 acrisiae,
616 2373 698 2439 Goth.
716 2371 825 2439 (Grac,
845 2370 954 2439 Prag.),
973 2370 1014 2424 ed.
1034 2371 1107 2426 Ram.

174 2445 191 2506 ἓ
210 2445 250 2496 18.
284 2441 396 2494 Bellon:
417 2442 548 2493 sollertior
560 2450 659 2511 pater,⁸
681 2442 787 2494 maioris
805 2441 848 2492 hic
858 2441 935 2508 fidei.

175 2516 192 2576 ὃ
211 2513 252 2565 19.
286 2511 463 2576 moderatior]
488 2511 547 2563 Hae
564 2513 691 2567 sectiones
707 2509 729 2562 si
746 2509 853 2562 iunctim
870 2509 1006 2578 leguntur,
1025 2526 1076 2562 non
1095 2509 1231 2565 obscurum

106 2588 162 2645 est,
181 2580 306 2650 quomodo
324 2579 366 2631 hic
384 2579 583 2632 moderationem
600 2581 700 2634 tribuat
718 2579 759 2631 cui
777 2583 794 2649 5
814 2579 846 2633 14
864 2578 970 2631 eandem
988 2578 1155 2634 abiudicavit.
1172 2577 1231 2631 Hoc

35 2681 38 2687 =
105 2650 176 2703 vult:
194 2650 220 2700 in
238 2649 394 2701 sermonibus
412 2643 546 2718 Philippus
564 2649 612 2702 sibi
623 2649 778 2719 temperavit
788 2650 821 2700 ab
832 2646 898 2705 omni
909 2649 1031 2718 superbia
1045 2656 1073 2701 et
1083 2647 1229 2710 insolentia,

104 2719 182 2772 sactis
200 2718 266 2769 idem
283 2735 334 2768 non
353 2734 411 2771 raro
428 2717 562 2771 immodice
580 2719 703 2781 crodells3
722 2717 868 2770 Alexander
885 2735 957 2784 vero,
972 2735 1050 2787 quem
1063 2717 1139 2771 dictis
1151 2732 1231 2787 saeps

104 2787 326 2841 insolentissimum
350 2786 429 2837 luisse
452 2787 584 2848 norimus,
610 2787 687 2841 factis
704 2787 761 2839 fere
784 2793 837 2838 tam
857 2787 1015 2840 moderatum
1033 2805 1061 2840 sc
1079 2786 1231 2858 praebebat,

106 2866 136 2909 nt
152 2857 195 2908 vel
220 2856 335 2909 hostibus
359 2852 520 2923 ignosceret3
555 2856 617 2908 vide
641 2855 714 2908 modo
738 2855 840 2907 Arrian.
867 2873 927 2926 cxp.
953 2856 981 2919 Ι,
1004 2858 1037 2919 7,
1063 2856 1131 2923 quod
1149 2854 1231 2907 instar

106 2927 216 2979 ornniurn
233 2943 288 2977 esse
304 2923 505 2976 testimoniorum
523 2928 617 2991 potest.
637 2925 727 2986 Quare
742 2941 793 2976 raon
810 2925 961 2977 assentimur
978 2924 1094 2979 Weislrio
1111 2925 1149 2977 sic
1165 2921 1230 2987 scrid

105 2995 179 3049 beuti
197 2996 243 3062 (de
257 2996 317 3061 hyp.
338 2995 366 3044 P.
387 2993 405 3044 l.
425 3010 451 3060 p.
469 2992 532 3059 47)=
552 2993 708 3062 „Philippus
727 2993 768 3044 vel
786 2993 811 3044 in
830 2993 958 3059 gloriandi
975 2992 1167 3061 magnificentia
1187 2991 1230 3042 vel

106 3064 245 3119 accusandi
262 3063 422 3115 vehementia
440 3061 483 3113 rel
500 3060 526 3113 in
545 3061 705 3131 pollicitandi
722 3061 844 3114 libertate
862 3062 903 3113 vel
919 3062 947 3113 in
971 3061 1084 3114 minandi
1101 3058 1231 3127 gravitate

106 3133 175 3186 haud
192 3149 251 3185 raro
276 3133 351 3198 longe
368 3131 437 3182 ultra
454 3130 509 3183 veri
529 3131 651 3183 terminos
674 3131 841 3198 evagabatur.
885 3131 976 3192 Quare
993 3146 1034 3197 ap.
1052 3129 1174 3183 Iustinum
1192 3126 1231 3178 le-

106 3201 218 3271 gendum
233 3201 294 3253 mihi
312 3200 414 3252 videtur
432 3201 643 3261 immoderatior,
669 3200 773 3252 verbum
790 3197 887 3257 Iustino
904 3215 954 3250 non
971 3197 1121 3280 indignum,
1146 3195 1231 3249 sensui

106 3271 265 3324 restituendo
282 3269 465 3321 necessarium.
499 3268 586 3322 Factis
603 3266 703 3322 scilicet
719 3266 882 3332 Alexander,
901 3266 979 3321 dictis
998 3265 1132 3337 Philippus
1150 3264 1230 3323 minus
1251 3275 1257 3285 ’

108 3348 159 3393 tem
180 3341 299 3391 ernbat.“

161 3358 192 3473 p§
210 3411 254 3462 10.
291 3414 317 3462 et
331 3407 438 3475 promt]
458 3413 484 3459 et
501 3403 583 3458 omitt.
601 3392 703 3461 sarisb..
715 3408 742 3458 et
759 3405 858 3465 Bellov.

178 3479 240 3544 [illc
262 3495 308 3529 nec
331 3477 407 3528 sociis
429 3476 601 3545 obstinabat]
634 3475 707 3537 Haec
731 3474 812 3542 prima
834 3473 928 3533 Aldina
956 3470 1071 3537 addidit3
1094 3469 1188 3529 desunt
1203 3467 1231 3520 in

106 3545 223 3601 omnihus
239 3546 330 3609 codd,
349 3544 408 3597 cdd.
427 3562 493 3601 anno
515 3545 581 3599 1622
598 3542 795 3615 vetustioribus,
820 3543 937 3610 Sarisb,
955 3542 1054 3596 Bellon.
1091 3536 1146 3601 Sed
1163 3537 1231 3605 eius-

105 3614 175 3670 modi
193 3616 289 3684 aliqu'id
309 3613 434 3671 excidisse
452 3631 556 3667 necesse
573 3620 620 3667 est.
1199 3610 1212 3623 ⁰
1280 3613 1283 3618 ’

176 3687 193 3751 §
211 3687 254 3742 21.
286 3685 386 3752 totins]
408 3682 523 3737 arrisu:
541 3685 620 3739 tanti.

571 3914 769 3935 ·-··-—·r-·
