2624 4606
281 243 592 308 nrsroa.‚·L1u.
612 246 729 314 XXV-11.
749 246 853 311 Lanu.
874 256 904 318 a
925 255 955 319 a.
1042 260 1046 269 ·
1080 254 1087 269 ‘
1117 256 1191 321 rar·

58 418 122 459 cnm
136 399 165 456 in
178 397 284 474 proelio
307 398 440 458 cecidisse
457 400 487 457 in
501 399 593 484 ipsum
605 397 867 461 Antiochumarma
877 411 1006 464 ¹uertere:
1028 406 1137 466 liberius

59 482 256 561 depopulaturi
268 480 377 554 Asiam,
399 485 423 541 si
437 504 547 543 omnem
565 485 680 562 stirpem
698 489 805 563 regiam
826 490 1026 549 exstinxissent
1053 493 1138 561 Quod
1149 498 1180 552 lt
1289 530 1294 545 ·

59 567 211 626 nbiaensit
221 565 388 640 Antiochus,
410 568 488 627 velut
500 588 519 627 a
533 570 736 646 praedonibus,
760 590 828 630 auro
847 592 879 633 ae
896 575 1008 634 redimit
1020 577 1138 637 societa-

59 659 176 728 temque
186 654 248 710 cum
264 653 438 711 mercenariis
449 654 506 711 suis
524 654 631 729 iungit·

144 734 193 793 lll.
215 735 324 793 Interea
337 755 385 794 rex
396 738 545 812 Bithyniae
557 730 696 798 Eumenes
707 741 811 818 sparsis
826 742 1030 818 consumtisque
1045 745 1161 805 fratri-1
1254 718 1258 723 ἡ
1284 808 1289 819 ,

59 823 112 881 bus
134 819 206 878 bello
225 820 372 879 intestinae
389 821 544 881 discordiae
565 824 646 897 quasi
665 832 820 885 vacantem·
832 825 916 886 Asiae
933 829 1138 905 possessionem
1238 888 1245 899 ,

58 906 202 965 invasurus
222 905 354 963 victorem
379 903 543 981 Antiochum
564 907 716 984 Gallosque
735 910 905 985 adgreditur.
947 911 1008 971 Nec
1028 912 1163 973 difficilet

58 991 168 1051 saucios
185 989 275 1047 adhuc
288 1008 323 1048 ex
334 993 477 1066 superiore
490 993 687 1066 congressione
701 994 811 1069 integer
829 996 889 1072 ipse
902 996 1004 1054 viribus
1016 1003 1142 1074 superat:
1180 1055 1182 1059 ,
1227 1008 1229 1015 “

58 1076 104 1134 Ea
120 1092 241 1150 namque
253 1079 422 1151 tempestate
436 1077 527 1134 omnia
540 1075 613 1134 bella
624 1078 653 1134 iu
667 1078 785 1137 exitium.
793 1078 877 1138 Asiae
894 1081 1077 1155 gerebantur:
1099 1083 1164 1141 ntia

59 1156 177 1236 qunque
197 1160 294 1216 fortior
308 1161 420 1230 fuisset,
443 1159 536 1217 Asiam
558 1160 633 1219 velut
651 1163 781 1238 praedam
805 1166 964 1241 occupabat.
1008 1164 1164 1226 Seleucual
1234 1156 1238 1161 ’

60 1251 90 1304 et
97 1243 251 1303 Antiochus
263 1244 363 1302 fratres
375 1244 474 1302 bellum
488 1251 603 1322 propter
614 1244 708 1304 Asiam
722 1248 872 1322 gerebant3
894 1247 1077 1323 Ptolemaeus,
1091 1240 1140 1310 rer
1226 1276 1228 1281 ·

59 1328 200 1405 Aegypti,
221 1328 271 1385 sub
287 1331 379 1406 specie
392 1331 515 1388 sororiae
527 1329 640 1388 ultiouis
654 1329 738 1390 Asiae
748 1332 881 1391 inhiabat.
917 1333 991 1392 Hinc
1002 1334 1164 1411 Bithynus5

59 1414 222 1486 Eumenes,
244 1413 309 1471 iude
324 1413 412 1488 Galli,
433 1414 605 1473 humiliorum
618 1433 728 1492 semper
740 1417 908 1475 mercenaria
921 1437 1031 1491 manus,
1045 1417 1141 1479 Asiam
1232 1475 1235 1481 .

61 1498 319 1576 depopulabantur:
341 1518 401 1556 cum
416 1501 521 1558 interea
535 1518 617 1557 nemo
630 1501 759 1558 defensor
772 1500 856 1560 Asiae
874 1503 947 1561 inter
965 1507 1009 1560 tot
1020 1505 1141 1581 praedo-

60 1602 112 1643 nes
127 1582 325 1642 inveniebatur.
366 1583 446 1642 Victo
465 1582 617 1658 Antiocho,
638 1604 699 1643 cum
722 1584 861 1645 Eumenes
884 1588 1016 1646 maiorem
1032 1594 1167 1668 partem6

133 1775 227 1830 (1111.
253 1776 312 1844 §A
348 1793 393 1828 rec
410 1778 552 1845 Bithynice
568 1779 709 1846 Eumenes]
741 1777 843 1848 Duplex
866 1776 909 1831 hio
931 1782 1064 1849 peccatum
1081 1770 1184 1846 Iustini,

61 1845 133 1917 quod
160 1845 257 1899 collato
288 1845 561 1914 prologopruselare.
579 1847 678 1900 invenit
706 1853 735 1900 et
758 1848 879 1916 exposuit
903 1849 962 1901 lac.¹
981 1847 1132 1901 Perizonius
1156 1848 1185 1903 in

63 1916 256 1968 Animadversa
272 1915 333 1967 bist.
352 1931 378 1982 p.
395 1917 430 1970 76
447 1932 504 1984 sqq.
522 1916 615 1978 Harl,
632 1916 748 1968 brevitet
763 1917 893 1985 repetitus
910 1917 1054 1969 aGraerio
1071 1917 1104 1968 ad
1122 1918 1148 1972 b.
1164 1917 1184 1970 1.
1200 1922 1202 1927 '

63 1985 184 2051 Pergami
201 2001 247 2047 ren
266 1984 395 2045 Attalus,
418 2000 467 2035 non
485 1984 633 2047 Eumenes,
668 1984 833 2036 clarissimam
851 1986 884 2037 de
908 1985 993 2037 Gallia
1017 1985 1184 2039 mercenariis

63 2053 183 2108 Antiochi
201 2052 334 2105 victoriam
352 2052 477 2103 retulerat
494 2053 535 2118 (v.
553 2060 657 2120 praeter
670 2053 755 2107 Gottl.
774 2053 935 2105 Wernsdorl.
956 2055 989 2104 de
1005 2056 1102 2121 republ.
1123 2056 1183 2107 aar.

65 2123 91 2186 l,
112 2138 134 2173 a
152 2125 201 2184 22,
223 2123 362 2189 languere.
382 2119 415 2173 ad
432 2120 548 2188 prolog.,
574 2120 693 2175 Siebalis.
711 2121 744 2172 ad
763 2121 872 2172 Pausnn.
891 2121 933 2186 X,
951 2122 998 2184 15,
1014 2125 1030 2186 §
1047 2124 1079 2185 2,
1090 2152 1093 2157 ·
1105 2140 1184 2190 prae-

16 2249 20 2253 ,
62 2191 153 2244 sertim
169 2191 298 2243 Niebuhr.
316 2206 340 2257 p.
358 2189 410 2242 986
424 2190 488 2256 sq.).
531 2188 617 2251 Idem,
642 2188 710 2258 qood
728 2189 839 2242 Iustinus
856 2190 882 2241 b.
900 2190 933 2253 l.,
953 2189 1042 2241 vitium
1059 2191 1186 2245 commisit

63 2259 220 2325 Frontinus,
245 2258 380 2321 1.c.1t‚
405 2258 471 2323 §15
498 2256 530 2308 de
555 2259 667 2312 Eumene
689 2259 807 2311 referens
831 2273 899 2326 quae
922 2258 956 2311 de
980 2258 1069 2310 eodem
1091 2261 1184 2312 Attalo

64 2329 196 2383 Gallorum
221 2327 321 2380 victore
344 2334 486 2397 praeeunte
504 2325 633 2392 Polyaeno
651 2325 712 2393 (tv,
733 2326 779 2392 19)
797 2325 925 2378 narranda
942 2333 1024 2378 erant.
1061 2327 1185 2394 Bithynia
1245 2345 1250 2356 ’

64 2404 151 2450 autem
168 2397 354 2449 obversabatur
371 2398 458 2448 nostrb
476 2395 509 2447 ob
527 2395 627 2446 Zielum
649 2394 709 2462 (qui
729 2392 831 2461 Zpitors
844 2394 971 2447 Memnoni
989 2397 1077 2462 pura
1090 2396 1183 2461 Bekk,

68 2466 157 2533 Ζῆλας
173 2464 215 2517 vel
236 2460 326 2531 Ζήλας
350 2463 495 2533 Phylarcho
518 2468 545 2514 et
562 2462 719 2530 Straboni),
753 2459 919 2529 Nicomedis,
947 2463 1087 2530 Bithyniae
1104 2463 1184 2533 regis,

64 2530 162 2596 lilium,
187 2540 298 2602 apatre
315 2534 343 2584 in
360 2549 464 2602 regnum
482 2531 615 2594 relictum,
643 2532 717 2585 cuius
734 2532 789 2584 tilia
806 2533 840 2584 ab
864 2530 990 2585 Antiocho
1009 2533 1036 2584 in
1054 2533 1185 2586 matrimo-

65 2603 133 2657 nium
152 2603 231 2654 ducta
248 2608 305 2666 est:
329 2604 352 2653 is
378 2609 444 2670 post
460 2600 540 2653 Attali
557 2601 692 2654 victoriam
710 2618 726 2653 a
744 2601 845 2666 Gallis,
877 2599 982 2671 quorum
1006 2600 1100 2654 auxilio
1124 2607 1186 2655 ante
1234 2644 1239 2651 .

65 2687 127 2724 usos
143 2672 245 2732 tuerat,
265 2669 364 2722 occisus
382 2677 436 2721 est:
455 2669 523 2722 unde
559 2670 663 2723 rovenit
680 2670 777 2724 Iustino
795 2687 876 2723 error.
912 2670 953 2723 De
969 2669 1037 2722 bello
1050 2671 1119 2723 inter
1132 2673 1186 2723 An·

55 2741 177 2794 'tiochum
203 2747 230 2790 et
254 2738 366 2792 Attalum
386 2748 460 2805 gesto
485 2757 511 2790 v.
557 2740 660 2792 oseba
683 2756 753 2791 vers.
771 2743 872 2792 Arnen.
890 2737 918 2800 Ι,
938 2736 1096 2805 c.40,1o;
1119 2738 1187 2791 Nis-

65 2810 141 2862 buhr.
160 2825 186 2876 p.
205 2805 263 2860 284.
281 2837 315 2846 -
338 2807 359 2858 Ι,
379 2807 423 2862 ur.
442 2808 592 2858 Gronovius
610 2815 775 2874 reposuerat:
796 2826 842 2860 rer
859 2809 1001 2876 Bithyniae
1018 2807 1185 2870 Nicomedes:

64 2879 149 2941 fals03
169 2893 195 2928 v.
215 2876 300 2943 Perir.
317 2876 335 2928 l.
353 2876 371 2931 l.
405 2872 483 2928 Peius
506 2893 568 2927 vero
592 2876 734 2931 Wetzelius
752 2877 879 2947 Pergami
892 2877 1063 2929 scribendum
1081 2893 1188 2946 praece-

65 2947 172 3016 pit-pro
189 2960 254 2997 voce
270 2946 427 3013 Bithyniae,
454 2943 538 3014 „quia
554 2945 676 2997 Eumenis
692 2963 782 2998 nomen
800 2944 913 3015 postulet
929 2943 1066 3001 matoriar‘
1101 2945 1187 2999 Vehe-

66 3021 166 3068 menter
183 3020 254 3065 errat
271 3013 303 3064 de
320 3013 387 3065 Livii
405 3012 476 3064 locis.
964 3016 965 3019 ’

136 3083 194 3148 St.
227 3099 262 3134 -ec
279 3083 409 3150 superiore
427 3078 622 3149 congressione]
647 3078 703 3133 sine
721 3078 800 3134 dubio
816 3080 900 3133 altera
920 3079 1075 3148 intelligitur
1093 3096 1108 3133 e
1124 3062 1189 3133 dua·
1218 3139 1224 3151 .
1291 3105 1294 3109 ·

68 3155 116 3204 bus
133 3151 249 3204 cladibus
274 3152 342 3219 apud
361 3151 545 3218 Porphyrium:
569 3149 696 3212 „Deinde
724 3149 797 3214 (post
812 3148 917 3215 nuptias
938 3166 996 3200 curm
1013 3148 1104 3202 Zielae
1119 3149 1189 3220 fllia)

71 3223 111 3275 Ol.
132 3220 197 3286 137,
213 3217 240 3285 4,
255 3221 282 3277 in
301 3221 393 3289 -lrydic
417 3221 455 3271 bis
473 3219 552 3270 armis
568 3218 645 3269 motis
671 3219 813 3271 debellatus
837 3225 882 3269 cst.
927 3219 992 3268 Tum
1016 3218 1096 3269 etium
1119 3220 1189 3273 circu

70 3288 183 3341 Choloen
201 3288 374 3353 (licentiavit
398 3305 453 3339 cum
472 3287 624 3338 Attalo.“
663 3287 791 3339 Victorem
808 3302 870 3337 vero
888 3284 911 3335 si
929 3285 1079 3341 Antiochum
1098 3289 1188 3370 appel·
1226 3354 1228 3359 ⁴

30 3370 34 3374 ’
68 3358 132 3411 lavit
148 3357 277 3421 lustinus,
295 3357 328 3408 nd
346 3356 482 3408 Seleucum
497 3354 660 3407 referendum
680 3362 737 3416 est,
756 3370 831 3424 quem
849 3352 988 3406 Antiochus
1006 3353 1116 3421 vicerat,
1132 3372 1189 3425 ipse
1214 3365 1219 3411 f

68 3433 162 3498 post-a
179 3426 265 3479 Gallis
282 3425 397 3478 attritus.
612 3430 618 3455 ²
822 3464 825 3469 .
922 3458 926 3465 ·

137 3494 201 3559 §hc
231 3495 360 3562 Bibpnns
384 3490 528 3559 Eumenes]
552 3490 658 3545 vid.·ad
681 3496 698 3558 §
719 3493 745 3546 1.
779 3490 929 3545 Inimicitias
953 3494 1037 3543 tanmn
1062 3491 1189 3546 Antiocho
1225 3516 1229 3523 ·

68 3563 174 3618 Hieraci
191 3564 241 3615 iam
259 3579 316 3617 cum
333 3563 447 3615 Eumene
464 3562 477 3614 l
497 3562 655 3629 Pergameno
675 3568 746 3614 ortas
764 3561 849 3614 tuisse.
861 3559 1036 3613 verisimiliter
1054 3561 1189 3615 admodum

68 3650 102 3686 ex
118 3633 167 3684 boc
186 3648 275 3685 errem
292 3631 399 3683 coniicit
416 3631 547 3684 Niebuhr.
562 3648 588 3700 p.
605 3631 662 3686 286·
673 3647 712 3698 eq.
730 3637 800 3694 not:
819 3629 885 3683 adde
903 3628 971 3698 quod
988 3628 1055 3681 idem
1068 3646 1100 3682 ex
1113 3630 1190 3697 Strn7'

62 3703 136 3754 bone
154 3703 248 3769 pti?
264 3707 320 3754 not.
336 3701 380 3754 71.
414 3699 456 3751 lte
473 3715 551 3767 saepe
568 3699 670 3753 nomina
686 3698 789 3752 miscuit
807 3698 963 3768 epitomator
980 3697 1008 3751 iu
1024 3697 1074 3766 iis,
1092 3712 1190 3768 quaec
1206 3739 1209 3745 ,

65 3767 155 3838 'I'ro‘gi
173 3769 288 3838 pleniore
305 3766 454 3821 narratione
471 3769 608 3821 contraxit
630 3814 633 3819 .

51 3850 53 3854 ’
138 3839 319 3904 humiliorem]
337 3837 355 3891 i.
373 3854 397 3888 e.
415 3852 520 3902 eorum,
544 3838 588 3906 qui
605 3853 635 3889 se
651 3832 803 3889 infirmiores
820 3834 968 3889 sentiebant
984 3849 1016 3887 ac
1033 3833 1141 3904 proinde
1157 3833 1191 3889 ad
1247 3888 1249 3892 .

69 3905 206 3975 Gallorum
224 3906 320 3959 auxilia
336 3903 536 3972 oontogtebmc3
557 3905 664 3960 aleces
677 3905 805 3957 Beneckio
821 3904 946 3957 laudatos.
966 3902 1191 3960 MsleBorhoru.=

70 3978 161 4029 borum
178 3975 299 4028 omnium.
318 3977 334 4031 1
352 3974 451 4041 Bougm
467 3975 630 4029 humiliorem
641 4002 676 4014 -
690 3991 785 4036 muna:
802 3973 836 4028 al.
854 3971 968 4026 eiusdem
985 3989 1042 4027 oum
1059 3975 1075 4029 6
1092 3973 1193 4027 Gracc:

71 4044 209 4097 humiliore
227 4072 259 4085 -
272 4061 360 4097 manu.
705 4092 708 4097 .
951 4078 954 4083 -

140 4114 200 4177 §6-
235 4109 574 4180 semmel-moncons.
603 4174 609 4183 ¹
638 4158 641 4163 .
720 4136 731 4147 ··
925 4160 928 4167 ,
993 4160 997 4167 ,

113 4184 261 4244 Iusrrucs.
474 4191 477 4195 '
713 4190 715 4195 ’
776 4190 779 4199 ’
870 4234 897 4255 ,.
930 4178 988 4242 Aa
