2624 4606
260 241 748 321 nisuounrnxxxun
780 242 981 313 cenas.
1128 252 1194 317 ros
1294 326 1298 338 ⁴

64 401 153 460 leston
164 398 292 456 omnibus
309 398 403 457 statim
423 398 470 457 ubi
484 396 834 473 Alexandriamingrossua
848 405 909 472 est,
930 403 1052 462 fautores
1069 406 1150 482 pueri

64 482 195 543 truddari
209 483 297 540 iussit,
340 482 435 560 lpsum
450 502 563 560 qnoque
582 483 630 541 die
649 484 825 560 nupturus,
846 485 946 560 quibus
957 492 1075 546 matrem
1088 489 1174 549 uuas

64 569 94 627 in
113 569 317 626 matrimonium
336 568 510 644 recipiebat,
537 569 612 625 iuter
630 574 782 645 apparatus
803 570 947 647 epulamm
959 576 996 629 et
1014 572 1150 633 solemnia
1205 612 1208 621 ·

64 652 232 728 religionum
242 653 272 710 in
282 651 426 729 complexu
439 651 534 717 matris
549 651 678 710 interficit
690 657 779 729 atque
790 654 833 713 ite
843 660 934 715 torum
947 657 1050 715 sororis
1061 659 1148 725 caede

63 737 112 795 filii
135 737 195 797 eius
215 744 345 795 cruentus
363 736 517 795 adscendit.
558 734 627 795 Post
648 737 725 812 qnod
745 757 803 797 non
825 739 918 797 mitior
938 740 968 797 in
992 741 1174 818 populures,5

63 822 112 897 qui
125 840 189 880 enm
209 821 239 879 in
260 840 377 897 regnum
394 826 575 890 vocaverunt,
594 819 665 879 suita
685 822 824 896 siquidem
845 823 998 900 peregrinis
1015 825 1147 893 milib‘bus

62 905 278 967 licentio-caedis
293 908 363 965 data
376 906 469 963 omnia
487 904 625 980 sanguiue
644 906 770 979 quotidie
789 909 952 969 manabant:
972 910 1062 986 ipsam
1074 930 1147 987 quo-

62 1009 120 1067 qne
134 1008 257 1048 sororem
279 989 336 1049 lilia
355 992 415 1049 eius
433 990 541 1065 virgine
559 989 683 1066 pervim
703 995 831 1067 stuprata
847 999 878 1051 et
898 994 928 1052 in
942 995 1146 1055 matrimonium

61 1075 171 1133 adscita
182 1075 319 1151 repudiat.
362 1074 472 1143 Quibus
485 1073 568 1133 rebus
587 1073 701 1132 territus
722 1075 840 1152 popum
859 1078 889 1135 iu
904 1078 1014 1137 diversa
1026 1078 1170 1153 labitnr36

62 1160 235 1236 patriumque
248 1165 324 1217 metu
334 1158 431 1217 mortis
444 1156 520 1218 exsul
533 1157 671 1234 relinquit.
712 1159 796 1219 Solus
814 1160 899 1237 igitur
920 1163 950 1221 in
976 1168 1056 1223 tanta
1075 1165 1170 1225 urbe?
1257 1208 1260 1213 .

62 1262 125 1302 cum
136 1242 316 1311 suisrelietus
330 1242 521 1314 Ptolemaeus,
543 1260 605 1301 cnm
617 1261 712 1318 regem
730 1263 763 1304 se
777 1263 835 1303 non
847 1246 1006 1319 bominum,
1028 1248 1080 1307 scd
1093 1266 1144 1309 va·

60 1346 173 1387 cuarum
194 1328 305 1386 aedium
326 1328 448 1401 videret,
477 1328 568 1387 edicto
588 1328 750 1404 peregrinos
767 1328 904 1389 sollicitat.
948 1330 1056 1399 Quibus
1075 1338 1168 1393 con-8

60 1413 209 1471 fluentibm
232 1413 329 1471 obrius
349 1412 450 1488 legatis
471 1411 676 1484 Romanorum,
696 1413 820 1490 Scipioni
842 1412 903 1473 Afri
918 1434 974 1473 ano
991 1421 1021 1475 et
1040 1416 1143 1494 Spurio

59 1496 194 1555 Mummio
213 1503 243 1555 et
258 1496 293 1555 L
307 1496 444 1569 Metello,
466 1495 515 1572 qui
532 1497 572 1555 ad
588 1496 762 1573 inspicienda
784 1499 920 1559 sociorum
939 1518 1030 1575 regua
1047 1503 1143 1563 venie·

60 1582 144 1655 bant,
165 1582 301 1658 procedit.
342 1582 402 1641 Sed
421 1582 505 1657 quam
525 1586 657 1639 crucntm
681 1582 803 1656 civibus,
824 1590 881 1648 tarn
893 1584 1024 1643 ridiculus
1038 1584 1167 1647 Roma-9

60 1667 178 1733 nis-luit.
220 1666 289 1725 Erat
307 1667 381 1725 enirn
401 1672 432 1725 et
449 1665 529 1723 vultu
548 1664 681 1725 deformis
704 1672 734 1726 et
754 1674 862 1727 statura
883 1668 974 1729 brevis
996 1676 1027 1728 et
1043 1671 1141 1746 supina

59 1751 164 1810 ventris
184 1769 241 1809 non
259 1751 384 1824 homini,
412 1752 464 1809 sed
485 1749 593 1809 bellnae
610 1749 717 1809 similis.
758 1751 852 1819 Quum
868 1754 1031 1813 foeditatem
1055 1754 1183 1814 nimialo

59 1834 195 1894 subtffinu
216 1835 376 1912 perlucidae
395 1836 479 1895 vestis
498 1834 636 1908 augebat:
656 1852 771 1913 prorsus
790 1837 871 1914 qnasi
889 1844 951 1895 astu
968 1836 1140 1918 inspiciendo

59 1921 272 1999 praeberentur,
301 1939 374 1997 quae
394 1921 468 1977 omni
487 1919 581 1977 studio
601 1919 766 1978 occultanda
785 1922 949 1999 pudibundo
971 1922 1031 1981 viro
1052 1930 1139 1982 erunt.

59 2005 130 2063 Post
151 2004 300 2063 discessum
316 2005 418 2065 deinde
435 2004 590 2079 legatorum
610 2002 742 2079 (qnomm
761 2003 924 2078 Africanus,
946 2006 1012 2065 dum
1027 2008 1178 2086 inspicittt

59 2089 170 2162 urbem,
198 2088 355 2167 spectaculo
374 2086 564 2148 Alexandrinis
588 2086 655 2160 luit)
683 2088 738 2146 iarn
759 2089 842 2149 etiam
860 2088 965 2169 populo
988 2092 1137 2169 peregrino

58 2176 162 2233 invisus
175 2182 242 2232 'cum
255 2172 328 2247 filio,
346 2192 429 2251 quem
443 2190 477 2231 ex
491 2188 586 2229 sorore
604 2178 781 2248 susceperat,
803 2180 907 2233 etcum
919 2192 1020 2249 uxore,
1040 2176 1136 2233 matris

57 2258 171 2339 pellice,
191 2264 268 2318 metu
284 2258 445 2317 insidiarum
459 2256 560 2315 tacitus
576 2255 605 2313 in
624 2255 747 2321 exsilium
758 2258 957 2337 proficiscitur3
978 2264 1137 2319 contracto-

58 2362 113 2421 que
125 2343 293 2402 mercenario
309 2344 431 2403 exercitu
445 2340 546 2401 bellum
559 2340 646 2397 sorori
660 2340 766 2416 pariter
777 2358 810 2400 ac
830 2343 936 2419 patriae
955 2338 1057 2402 infert'
1079 2343 1131 2402 Ar·
1144 2348 1178 2402 12

56 2430 184 2488 cessitum
196 2428 344 2487 maximum
357 2428 487 2486 deiudeu
503 2424 620 2500 Cyrenis
633 2423 735 2499 lilium,
751 2444 788 2484 ne
801 2447 864 2485 eum
877 2426 1055 2486 Alexandrini
1068 2447 1135 2486 con·

57 2520 103 2572 tra
118 2532 151 2572 se
164 2530 260 2589 regem
272 2519 413 2586 mearent,
435 2509 581 2569 interficit..
607 2507 689 2567 'rone
704 2509 822 2589 populus
833 2519 939 2571 statuas
955 2518 985 2571 et
997 2512 1132 2593 imagines

56 2598 115 2657 eius
132 2597 262 2657 detrahit
304 2598 389 2665 Quod
406 2598 506 2654 factum
520 2592 615 2653 studio
634 2594 738 2653 sororia
754 2595 912 2655 existimans
924 2595 1030 2670 filium,
1050 2601 1177 2674 quents

56 2701 90 2742 ex
109 2700 144 2740 ea
165 2686 339 2758 susceperat,
360 2681 514 2755 interficit,
542 2697 699 2756 corpusque
715 2680 745 2738 in
765 2681 889 2739 membra
911 2682 1030 2740 divisum
1055 2682 1135 2741 etin

55 2768 125 2824 cista
153 2765 335 2843 compositum
353 2765 432 2822 matri
456 2764 617 2824 dienatalis
639 2764 696 2821 eius
717 2764 790 2822 inter
817 2764 911 2843 epulas
932 2766 1027 2824 offerri
1047 2773 1132 2825 curat.

55 2850 137 2919 Quae
150 2868 195 2907 res
207 2868 262 2906 uon
278 2851 391 2926 reginae
402 2856 524 2921 tantum,
547 2864 642 2906 verum
659 2849 743 2906 etiam
759 2849 904 2911 universae
917 2851 1020 2909 civitati
1033 2851 1132 2910 acerba
1142 2850 1176 2909 tt

55 2942 84 2994 et
97 2932 221 2992 luctuosa
241 2935 307 3006 fuit3
335 2940 500 3010 tantumque
519 2949 673 3001 moerorem
694 2932 869 2991 festivissima
888 2934 1012 2994 convivio
1031 2935 1133 3007 intulit,

54 3025 86 3076 nt
102 3019 181 3094 regin
198 3020 287 3076 omnis
305 3021 450 3097 repentino
475 3017 549 3076 luctu
572 3016 776 3075 incenderetur.
817 3017 906 3077 Verso
931 3019 1015 3094 igitur
1037 3012 1174 3077 surdiotb

54 3103 207 3183 principum
223 3103 259 3161 ab
274 3104 362 3181 epulis
375 3106 403 3162 in
417 3102 563 3181 exsequias
574 3099 698 3158 menbra
717 3099 806 3158 lacera
819 3102 924 3180 populo
934 3102 1086 3161 ostendunt
1099 3110 1130 3161 et

54 3188 123 3264 quid
136 3206 250 3267 sperare
263 3188 299 3248 de
312 3208 380 3267 rege
389 3206 441 3249 suo
452 3188 590 3261 debeant,
612 3181 758 3245 ssliicnede
771 3185 972 3246 demonstrant

92 3427 256 3494 ⁴servitores]
275 3426 370 3493 l’rsgn
386 3425 492 3477 almer.
574 3456 577 3461 -
623 3462 626 3467 .
909 3464 912 3471 ,
1063 3470 1066 3475 ,
1102 3460 1105 3465 .

121 3498 139 3560 S
154 3497 182 3549 5.
216 3492 392 3560 uocmoenat]
407 3492 473 3547 Mn.
489 3491 589 3560 Bonus
604 3496 757 3555 meruit
772 3488 808 3543 al.
823 3505 957 3559 pronon

120 3563 262 3631 repudiat]
280 3581 305 3617 a.
323 3565 356 3615 C.
374 3562 433 3617 14⁵.
687 3612 691 3619 ,
769 3612 772 3619 ,
818 3606 821 3611 .
976 3600 980 3611 .
1150 3598 1154 3613 .

102 3636 136 3697 ·§
154 3634 180 3686 6.
198 3633 223 3686 7.
258 3633 333 3684 Haec
348 3628 429 3683 ceteri
445 3645 496 3683 non
513 3632 630 3681 nonant.
715 3662 718 3669 -

119 3705 136 3765 S
153 3701 179 3752 8.
215 3702 248 3752 Ι..
267 3697 391 3764 Metello]
409 3696 473 3749 ltlss.
491 3698 574 3766 Βοῦς.
592 3694 675 3751 omitt.
691 3711 855 3765 praenomen.

118 3774 136 3835 S
155 3771 198 3823 11.
233 3762 767 3837 inaaailiusa1iu0ypmm3m00182.

118 3840 135 3903 §
154 3840 196 3892 12.
231 3837 370 3889 camimum
384 3862 420 3873 -
428 3834 535 3903 fllium]
554 3834 641 3889 Etiam
658 3832 701 3887 liic
717 3832 829 3902 ignotus.

119 3909 199 3990 §.ld-
226 3901 526 4024 filiumqfflempbilcm.
640 3971 648 3984 .
685 3966 692 3983 υ
777 3966 784 3983 ⁸
820 3964 828 3982 ·
1009 3954 1012 3961 ,

117 3976 162 4028 dre
178 3974 295 4041 natam]
340 3990 365 4025 re
381 3972 479 4039 Boug„
498 3988 514 4023 o
532 3970 707 4023 Gronovrsnrs
724 3966 785 4020 nulli
802 3964 852 4020 nisi
868 3966 887 4019 7
904 3965 1012 4019 omnium
1029 3960 1170 4033 interpola·

48 4041 156 4095 cissimis
174 4043 219 4112 qui
237 4042 279 4095 hic
296 4059 312 4097 a
329 4046 394 4095 vett.
411 4040 524 4094 carmon
540 4055 599 4091 esse
614 4037 743 4091 ridentur.
767 4034 871 4099 Ceteri,
890 4034 949 4091 cdd.
965 4040 1047 4090 vetti
1064 4033 1108 4087 dic
1120 4048 1170 4085 sn·

48 4111 109 4165 tuli.
142 4111 209 4166 lllud
226 4117 300 4166 recta
316 4109 370 4165 dici
383 4107 553 4165 ostenderunt
567 4106 590 4161 1.
608 4106 787 4161 refluens.
805 4110 833 4159 st
850 4102 1032 4178 Wopknraius.
