2624 4606
104 294 107 301 .
179 239 245 303 2118
383 268 389 277 x
535 234 551 295 1
593 234 623 295 U
664 234 687 292 S
730 232 759 293 T
800 233 815 293 1
856 232 887 294 Ν
927 233 942 293 Ι

90 432 94 439 ‚
199 397 214 450 1
309 388 344 449 V.
366 389 455 465 Igitur
471 387 545 446 Galli
569 388 639 447 duce
660 385 758 462 Belgio
777 389 815 446 ad
835 385 984 447 tentandos
992 316 1250 473 Macedonumo'r

223 475 332 550 legatos
347 477 384 533 ad
397 473 585 532 Ptolemaeum
605 473 735 544 mittunt,
757 472 907 531 offerentes
928 490 1043 549 pacem,
1065 472 1090 529 ai
1113 463 1210 531 emere
1230 473 1311 532 velit.

196 561 274 618 ised
294 559 468 627 Ptolemaeus
491 559 565 615 inter
587 576 653 614 suos
673 556 737 615 beili
755 565 824 615 metu
842 576 936 633 pacem
955 556 1052 614 Gullor
1066 561 1155 634 petere
1174 557 1310 631 gloriatus

199 648 276 703 Besi.
318 643 379 702 Nec
391 643 482 701 minus
497 643 624 700 ferociter
637 661 668 700 se
682 640 781 717 legatis
797 660 880 718 quam
899 642 970 699 inter
989 642 1093 699 amicos
1106 642 1238 714 iactavit,
1259 643 1311 702 ott·

225 734 265 785 ter
280 746 307 785 re
314 747 407 805 pacem
421 727 546 785 daturum
559 728 705 825 negapdo,
726 729 781 783 nisi
796 729 930 827 principes
944 745 1007 782 auor
1022 725 1122 783 obsideo
1143 724 1268 801 dederant
1287 731 1311 785 et

126 866 135 881 ,
200 812 316 871 inorna-
320 812 494 888 tradiderint:
515 831 567 869 non
590 813 659 868 enirn
674 810 759 887 fidem
776 829 803 867 ec
816 814 870 868 nin'
886 811 1029 867 inermibus
1045 810 1210 869 ioliturmn
1252 796 1311 871 Be·

147 958 154 964 ,
225 899 350 955 nuntiata
363 883 539 973 legatione
517 914 604 955 rasere
618 895 710 968 Galli,
731 895 855 972 undique
870 895 1055 954 acclamantes
1071 895 1145 953 breui
1164 912 1309 970 mm,

201 982 327 1041 scilian
341 981 385 1039 iili
397 981 557 1039 consulentes
575 998 667 1056 pacem
690 980 839 1037 obtulerint.
882 980 1037 1038 interiectis
1060 979 1159 1038 diebus
1177 980 1310 1058 proelium

200 1067 393 1140 Boonseritur,
415 1067 535 1142 victique
553 1064 722 1122 Macedones
742 1066 905 1124 caeduntur.
948 1063 1123 1125 Ptolemaeus
1142 1063 1310 1123 multis-rui·

226 1151 337 1209 neribus
350 1151 594 1228 saueiusoepitur:
616 1155 698 1227 caput
710 1151 770 1208 eius
782 1154 955 1228 amputatum
977 1155 1008 1207 et
1028 1148 1124 1206 iancea
1144 1149 1232 1207 fixum
1252 1153 1310 1208 uu

202 1235 287 1293 iacie
297 1237 335 1293 ad
346 1241 478 1294 terrorem
492 1235 611 1292 hostium
622 1234 816 1293 cirmrmiertur.
856 1233 962 1291 Paucos
976 1253 1010 1292 ex
1024 1231 1228 1293 Macedonibus
1244 1235 1310 1310 fuga

203 1321 362 1378 deerravit:
384 1322 467 1378 ceteri
482 1325 532 1377 aut
543 1319 619 1397 cepti
631 1325 679 1376 ant
691 1319 782 1376 omisi.
826 1318 904 1375 Haec
918 1336 979 1376 cum
993 1318 1121 1397 nuntiata
1132 1337 1185 1395 per
1199 1336 1310 1377 omnem

228 1403 421 1462 Macedoniam
434 1410 545 1476 essent,
567 1412 664 1481 portae
677 1403 785 1461 urbium
800 1402 962 1461 clauduntur
970 1446 981 1474 ,
1002 1401 1079 1460 luctu
1091 1404 1185 1460 omnia
1202 1403 1310 1481 repim-

106 1487 109 1491 ’
204 1493 290 1559 9tur;
309 1509 381 1547 nunc
393 1490 541 1547 orbitatem
554 1489 717 1552 amissorum
735 1487 854 1545 filiorum
872 1487 1019 1557 dolebant3
1040 1504 1115 1545 nunc
1136 1487 1245 1545 excidia
1265 1505 1310 1545 ur·

230 1573 307 1630 bium
326 1574 505 1645 metuebant3
527 1592 600 1630 nune
617 1571 766 1631 Alexandri
786 1571 962 1648 Philippique
978 1591 1075 1646 regum
1097 1590 1211 1629 snorum
1224 1573 1310 1631 nonai·

101 1718 110 1731 ,
155 1692 161 1703 ,
190 1663 285 1730 iona,
300 1658 379 1715 sicuti
389 1658 559 1730 numina,in
572 1657 702 1714 auxilium
713 1656 863 1715 vocabant:
885 1657 933 1713 rui
951 1656 1006 1714 illis
1020 1675 1047 1713 re
1062 1656 1216 1714 nouaclum
1231 1663 1309 1730 tutor,

191 1746 221 1799 11
231 1759 321 1798 uerum
339 1744 417 1801 etinon
438 1744 551 1799 uictores
569 1741 637 1798 orbis
662 1747 790 1799 terrorm
812 1744 959 1799 exstitisse:
987 1745 1019 1798 ut
1040 1746 1176 1799 tuerurtur
1192 1745 1311 1818 putria·

232 1843 324 1898 ιιιοιι,
345 1845 424 1902 quam
444 1826 534 1901 glorie
548 1844 634 1883 rerum
652 1831 788 1901 gestorum
808 1826 881 1883 coelo
896 1828 1048 1902 proximam
1067 1825 1262 1896 reddidissentr
1281 1830 1310 1884 ut

232 1926 305 1986 opem
325 1910 445 1989 adflicta}
458 1911 578 1988 ferrent,
601 1930 666 1987 quoe
678 1909 761 1986 furor
779 1915 805 1966 et
826 1913 958 1968 temeritas
972 1909 1119 1969 Ptolemaei
1130 1913 1203 1989 regio
1221 1910 1311 1989 perdi·

193 1996 226 2051 12
233 1992 330 2069 duret,
352 1996 476 2053 orabant.
513 1995 735 2073 Desperantibus
749 1996 875 2054 omuibus
887 2014 945 2052 non
957 1995 1030 2053 votis
1044 1997 1185 2070 agendum
1198 1996 1310 2055 Sosthe-

233 2098 300 2151 nes,
320 2099 392 2138 unns
408 2081 443 2139 de
456 2079 641 2138 Macedonum
654 2080 840 2158 principibus,
862 2086 938 2137 ratus
959 2086 1100 2138 contracta
1119 2081 1265 2142 iuventute
1283 2085 1311 2140 et

235 2163 331 2222 Gallos
348 2164 461 2223 notoria
474 2165 642 2225 exsultantes
651 2165 823 2241 compescuit
839 2170 869 2224 et
882 2163 1074 2224 Macedoniam
1097 2165 1134 2223 ab
1149 2165 1245 2225 hostili
1263 2183 1311 2244 po·

194 2250 226 2305 1³
235 2248 375 2325 palatrone
388 2249 521 2308 defendit
564 2250 611 2307 Ob
630 2268 703 2324 quae
719 2249 824 2306 virtutis
848 2249 980 2308 beneficia
1001 2249 1092 2306 multis
1110 2250 1252 2309 nobilibus
1291 2277 1294 2280 >

193 2324 320 2408 tignum
339 2333 520 2393 Macedoniae
535 2335 739 2392 adfectantibus
761 2333 916 2408 ignobilis
909 2353 969 2412 ipse
986 2334 1182 2432 praeponitur:
1205 2340 1235 2394 et
1255 2354 1304 2393 cu

235 2436 283 2476 rex
294 2417 329 2475 ab
343 2420 472 2476 exercitu
460 2418 632 2497 appellatus
647 2418 766 2490 esset,
758 2436 821 2497 ipse
836 2438 893 2477 non
904 2418 933 2475 in
946 2420 1035 2495 regis,
1058 2420 1129 2478 sed
1121 2438 1152 2478 uu
1171 2420 1293 2527 ducis·
1264 2438 1293 2477 ιιι

194 2520 300 2559 men
312 2502 403 2560 iurare
415 2503 513 2562 milites
528 2502 666 2578 compulit.

212 2590 227 2640 1
320 2585 368 2644 Vi.
389 2586 498 2645 Interea
509 2587 653 2658 Brennus
675 2605 731 2662 qno
752 2586 822 2644 duce
841 2587 934 2665 portio
954 2586 1124 2646 Gallorum
1116 2608 1147 2646 ιο
1158 2556 1278 2653 ,Gra·'·

239 2688 270 2726 se
283 2668 437 2742 effuderat,
466 2671 562 2728 audita
584 2671 696 2727 victoria
717 2688 844 2770 suorum,
865 2673 913 2747 qui
932 2672 1031 2748 Belgio
1053 2674 1123 2732 duce
1144 2673 1309 2733 Macedonas

237 2753 368 2827 vicerant,
378 2712 536 2830 indignatus
549 2759 631 2833 parta
642 2754 756 2813 victoria
769 2755 889 2834 opimam
902 2758 1035 2836 praedam
1049 2764 1079 2817 et
1085 2758 1213 2817 Orientis
1221 2754 1311 2838 spoliis

266 2936 297 2988 C
316 2936 347 2988 V.
364 2940 381 3002 5
400 2938 424 2990 1.
459 2918 569 3007 Belgio]
588 2936 733 2991 Pausaniae
750 2937 794 2991 iiic
811 2934 926 3004 Βόλγιος
943 2943 992 2991 est.

265 3009 283 3072 S
300 3007 326 3061 3
361 3024 389 3058 se
405 3005 481 3090 lege]
488 3007 630 3060 Pronumen
647 3007 767 3059 omittunt
782 3023 842 3059 msa.
859 3009 939 3075 Bong.

195 3143 246 3209 26
264 3076 325 3140 56.
360 3084 439 3145 ceput
456 3076 556 3128 ciue-
569 3076 767 3144 circumfertur]
798 3076 876 3128 Ital
866 3092 920 3128 moa
941 3081 998 3128 mat
1022 3073 1124 3139 Gillia,
1157 3090 1185 3128 r.
1203 3074 1293 3129 niv.

237 3145 354 3278 ξΙΙ.
376 3214 529 3267 Pontiano
551 3208 891 3281 victoriamrirlerirepoe
893 3207 968 3266 οὕτω
985 3208 1083 3273 στόλος
1098 3172 1262 3280 insontior
1306 3236 1312 3247 ι

196 3277 899 3402 appaodnsiuni.e.,utvidetur,rnPanneniam;
918 3281 1300 3350 cenomannense

195 3367 220 3406 c.
263 3358 351 3404 nato.

264 3420 342 3482 §te
375 3436 441 3470 unua
457 3420 491 3472 dc
512 3421 584 3471 Mac.
606 3419 814 3487 principibus]
806 3437 856 3472 amo
873 3419 916 3480 cle
931 3419 990 3472 cciv
1007 3418 1181 3485 δημοτικῶν,
1207 3416 1284 3473 utP

194 3472 304 3555 pityriue
321 3505 363 3557 ap.
366 3484 478 3539 Qnuoeb
497 3505 557 3556 pag.
575 3490 609 3542 63
627 3487 712 3553 Seni,
736 3496 767 3541 nt
782 3490 869 3559 paullo
888 3498 962 3558 post:
987 3490 1137 3558 ignobilir'
1126 3505 1192 3559 apsa.
1226 3487 1304 3539 B

195 3560 227 3606 nt
242 3556 360 3621 videtur,
378 3557 600 3620 Bernecoerns.,
603 3557 680 3619 Ν,οιι
697 3557 770 3624 regio
792 3559 918 3626 sanguine
940 3565 1043 3621 cretus,
1066 3556 1114 3609 aed
1140 3563 1279 3611 men·

196 3621 338 3692 principum
354 3638 521 3696 procerumve
538 3626 642 3692 regni.“
677 3626 761 3678 Aliter
778 3626 873 3679 Faber.

266 3694 372 3762 Gallos]
390 3696 438 3746 sub
455 3695 572 3756 Brenno,
592 3703 660 3774 post
668 3710 758 3746 novam
776 3695 977 3762 impressionem.

264 3763 342 3824 813.
378 3765 466 3815 multis
487 3731 680 3830 nobililrua]1n
696 3762 789 3831 quibua
807 3764 955 3831 Meleagro,
981 3761 1123 3861 Ptolemaei
1140 3738 1242 3831 fratre,
1265 3762 1297 3815 Δι

196 3823 307 3895 iipairo‚
330 3831 470 3884 Cassandri
486 3838 589 3900 nepote.

265 3897 342 3961 514.
375 3902 455 3953 acd'
444 3920 472 3952 cn
490 3902 577 3968 ducis]
602 3899 680 3953 Multi
698 3898 786 3952 'cedde
812 3902 859 3952 ecci
876 3901 963 3963 ducis,
990 3900 1073 3953 nullas
1086 3856 1262 3962 taurean‚

195 3991 228 4004 -
246 3965 298 4017 Per
315 3967 380 4020 duos
397 3985 475 4020 annos
493 3969 663 4021 Macedoniae
679 3977 802 4052 tepquam
818 3986 865 4020 rex
882 3969 1004 4038 praefuit.

264 4034 295 4085 C.
314 4035 360 4088 Vi.
383 4038 441 4098 §1
477 4038 654 4106 iiocedcnce]
686 4039 732 4091 Sic
749 4039 867 4091 Gronov.
886 4055 918 4091 ex
936 4040 953 4093 3
971 4038 1061 4103 codd,
1085 4045 1118 4093 ut
1137 4006 1224 4109 Bong
1240 4036 1302 4093 aiiii

194 4101 220 4154 ir.
238 4101 256 4154 Ι.
273 4103 373 4172 Bong..
387 4104 549 4158 Macedones.
1040 4156 1045 4165 .
