2624 4606
108 223 173 287 246
436 204 873 283 ‘IUSTINI

152 381 265 434 vocatos
285 372 393 432 blandis
407 372 498 432 verbis
514 369 671 448 permulsit:
693 371 827 450 stipendia
846 371 902 431 illis
922 392 973 432 noa
992 394 1010 432 a
1030 393 1057 434 ee
1070 377 1240 454 flagitmrda

152 478 221 532 esse,
243 458 289 516 sed
304 459 338 516 ab
356 457 428 515 toste
448 457 611 534 quaerenda:
629 475 786 516 communem
800 461 957 532 uictoriam,
979 478 1137 520 eoramunem
1154 483 1241 541 prae·

129 545 217 604 fidam
230 544 367 621 futuram.
411 541 539 600 Paullum
555 541 629 599 modo
647 541 840 623 adniterentur,
863 544 926 602 dum
948 544 1011 613 delli
1028 546 1158 624 reliquiae
1174 569 1241 626 per»

65 637 69 643 ’
146 634 289 704 ,aguntum
318 646 376 686 cum
396 631 483 686 sciant
505 625 696 701 Carthaginem
719 633 826 706 captam
843 648 902 706 spes
924 633 1036 689 omnium
1062 632 1240 709 expleturum.

128 711 387 791 JSedato'militari
402 711 519 771 tumultu
540 712 690 770 interiectis
710 714 808 771 diebus
827 716 865 770 ad
884 720 976 772 castra
994 715 1118 776 hostium
1133 721 1241 779 exerci-

154 804 215 857 tum
237 799 329 856 ducit:
350 799 388 855 ibi
407 796 586 855 inconsultius
602 796 737 873 proelium
757 799 956 856 committendo
973 801 1105 861 maiorem
1127 811 1240 881 purtem

128 883 287 943 texercitus
306 883 439 960 perdidit.
481 882 551 938 Cum
564 882 659 956 itaque
678 883 708 938 in
725 888 815 941 castra
832 882 954 959 fugisset
971 902 1137 963 versamque
1155 890 1185 947 in
1208 908 1240 948 se

153 968 283 1026 iuvidiam
305 974 411 1026 temere
435 967 573 1024 commissi
593 965 657 1024 belli
677 967 784 1026 rideret
806 969 1007 1044 pristinamque
1024 971 1162 1031 offensam
1180 991 1239 1033 non

119 1116 122 1121 ,
154 1053 270 1131 depeusi
284 1052 416 1129 stipendii
434 1056 584 1110 metueret:
605 1051 738 1110 concubia
757 1058 840 1109 nocte
860 1052 935 1110 solus
954 1072 972 1110 a
991 1056 1088 1113 castris
1102 1077 1165 1115 cum
1185 1058 1239 1117 Ar·

129 1137 293 1213 9chagatho
315 1136 371 1196 tilio
392 1136 524 1217 profugit.
568 1135 654 1202 Quod
674 1136 722 1193 uhi
743 1136 843 1194 milites
864 1132 1037 1214 cognovere,
1064 1140 1141 1199 haud
1159 1162 1238 1203 secus

93 1292 97 1300 .
154 1241 237 1301 quam
253 1222 324 1281 siah
336 1221 417 1280 hoste
432 1221 625 1299 capitesseut,
642 1219 833 1298 trepidarem,
855 1221 895 1279 dis
911 1241 939 1280 se
960 1243 978 1280 a
995 1243 1056 1299 rege
1071 1245 1120 1283 auo
1138 1229 1168 1285 iu
1186 1247 1238 1287 me·

131 1320 135 1327 ’
155 1308 209 1366 dia
224 1307 341 1366 hostiles
355 1307 459 1380 relictos
472 1323 525 1363 erre
542 1303 758 1383 proclamantem
780 1305 942 1384 salutemque
960 1328 1037 1367 suam
1053 1308 1182 1372 dmertarrr
1203 1313 1238 1375 al

115 1398 148 1450 10
154 1411 183 1452 eo
197 1413 265 1467 esse,
287 1410 396 1470 quorum
406 1410 439 1449 ne
451 1390 588 1468 sepultura
602 1388 705 1466 qm'dem
718 1389 886 1467 relinquenda
895 1391 993 1469 fuerit.
1021 1394 1094 1453 Cum
1107 1398 1238 1476 persequi

156 1497 251 1554 regem
263 1477 379 1550 vellent,
393 1495 410 1533 a
424 1475 553 1534 Numidis
567 1475 674 1553 excepti
688 1475 715 1532 in
730 1483 821 1534 castra
836 1483 1021 1552 revertuntur,
1039 1482 1239 1559 comprehenso

156 1569 251 1622 tamen
264 1564 435 1638 reductoque
450 1559 643 1634 Archagatho,
667 1560 714 1634 qui
726 1577 743 1617 a
757 1566 838 1637 patre
850 1563 940 1621 noctis
955 1583 1047 1623 errore
1063 1566 1237 1627 discesserat.

116 1645 323 1723 lidgathocles
344 1653 437 1704 autem
455 1645 592 1715 navibus,
620 1644 719 1720 quibus
737 1664 864 1705 reversus
886 1666 903 1705 a
925 1647 1018 1707 steila
1039 1651 1151 1725 fuerat,
1176 1672 1238 1711 cum

117 1736 151 1791 12
159 1731 318 1790 custodibus
334 1730 492 1789 earumdem
506 1728 659 1804 Syracusas
674 1729 805 1797 desertum.
848 1730 1012 1810 Exemplum
1030 1736 1128 1810 flagitii
1140 1738 1238 1812 singu·

118 1816 233 1889 talare,
254 1835 302 1873 rex
321 1816 452 1874 exercitus
474 1813 516 1871 sui
530 1815 655 1872 desertor
673 1811 845 1890 filiorumque
864 1823 943 1893 pater
962 1819 1101 1895 proditor!
1122 1819 1235 1878 Interim

158 1902 188 1960 io
199 1900 292 1959 Africa
304 1905 372 1978 post
381 1900 473 1975 fugam
489 1899 562 1975 regis
575 1896 675 1957 milltes
689 1900 819 1975 pactione
831 1920 893 1959 cum
906 1902 1030 1961 hostibus
1043 1906 1129 1977 tadu,
1150 1906 1234 1973 iuter-

118 1984 238 2046 tlfcotis
257 1982 419 2061 Agathoclis
441 1982 533 2041 liberis
556 1981 831 2057 Carthaginiensibus
850 2005 881 2044 se
904 1987 1052 2048 tradidere
1096 1987 1236 2066 Archaga-

158 2071 221 2131 thus
234 2089 295 2128 cum
308 2070 477 2141 occideretur
487 2069 522 2126 ah
535 2064 692 2140 Arcesilao,
714 2069 802 2128 amico
818 2077 900 2129 autea
914 2071 1001 2150 patris
1009 2115 1019 2146 ,
1040 2075 1150 2150 rogarit
1161 2093 1237 2134 eum:

160 2154 286 2235 quidnam
304 2154 391 2213 liberr's
408 2157 464 2212 eius
478 2153 620 2231 facturum
634 2152 809 2228 Agathoclem
820 2159 914 2231 putet,
934 2175 1070 2237 perquem
1084 2162 1140 2237 ipm
1151 2160 1239 2219 litoris

98 2255 106 2262 ·
159 2241 270 2319 careat?
291 2239 374 2298 Tunc
385 2239 529 2319 respondit
542 2241 609 2296 ratri
622 2236 715 2295 labae
729 2256 770 2312 se,
790 2239 860 2318 quod
872 2246 1026 2318 superstites
1040 2263 1083 2302 eos
1095 2264 1149 2304 cese
1163 2245 1240 2322 Ago·

118 2333 151 2386 15
159 2326 254 2385 tiociis
274 2325 363 2383 liberis
387 2327 465 2382 sciat.
508 2322 577 2381 Post
596 2322 665 2381 haec
685 2321 773 2380 Poeni
795 2325 832 2381 ad
856 2330 1078 2403 persequendum
1094 2329 1159 2389 belli
1179 2330 1241 2389 reli-

160 2413 239 2489 quias
262 2413 346 2469 daces
368 2410 396 2467 in
408 2408 528 2467 Siciliam
540 2409 691 2483 miserunt,
715 2426 775 2469 cum
790 2409 889 2487 quibua
899 2410 1067 2490 Agathocles
1082 2434 1179 2495 pacem
1194 2434 1241 2475 ae·

161 2496 223 2572 quis
239 2495 443 2553 conditionibus
458 2493 531 2552 fecit

119 2638 328 2652 .-.----

139 2715 188 2768 uod
205 2715 233 2767 in
251 2712 310 2766 edd.
326 2716 391 2763 rett.
407 2707 517 2778 legitur:
541 2672 686 2773 ad’conm
708 2709 835 2779 quomodo
858 2728 921 2765 sane
945 2713 1008 2767 alibi
1031 2714 1164 2783 Iusduun
1189 2716 1239 2770 rid.

120 2734 262 2854 implens.
282 2780 316 2834 ad
333 2777 412 2843 XVI,
431 2784 462 2842 1,
480 2781 497 2842 §
514 2778 548 2838 93
566 2775 684 2829 Gronov.
700 2778 726 2831 h.
744 2779 779 2843 l.‚
796 2779 840 2850 qui
859 2783 896 2835 ad
912 2783 1034 2838 servarit.

190 2850 312 2917 aoratos]
333 2849 398 2901 ltlss.
417 2847 515 2914 Bang„
534 2844 631 2897 Goth:
650 2848 758 2900 uocatis.

190 2924 207 2987 ς
224 2925 249 2975 8.
283 2919 421 2988 profugit]
441 2923 535 2984 quarto
551 2930 617 2965 aooo
635 2914 704 2983 gesti
721 2915 748 2969 in
766 2916 855 2972 Africa
872 2919 943 2974 belli.

189 2992 206 3057 s
225 2992 266 3045 to.
298 2983 471 3055 reductoque]
490 2981 615 3035 Decetia
632 3000 691 3036 mss.
708 2985 790 3055 Boug.
802 2986 885 3053 ‚coll
904 2989 935 3041 C.
955 2991 1004 3052 C..
1022 2991 1105 3049 Goth.

115 3064 116 3073 ¹
190 3063 206 3126 s
225 3056 266 3112 14.
285 3054 450 3122 Arcadiae]
468 3054 608 3119 Burgarar
629 3054 767 3120 Armenii,
793 3062 822 3107 ut
840 3056 891 3109 Pra
913 3096 918 3109 .
956 3059 1028 3115 Alias
1046 3078 1150 3133 quoque
1168 3062 1242 3119 holus

121 3129 210 3187 caedis
227 3125 370 3197 participes
388 3124 468 3176 fuisse
485 3120 599 3175 ostendit
617 3121 735 3175 Gronov.
753 3142 780 3195 p.
798 3127 851 3181 912
868 3144 883 3177 e
925 3127 994 3198 olyb.

190 3202 206 3266 s
224 3197 266 3254 15.
298 3191 521 3266 persequendum]
539 3188 604 3242 Mar.
619 3188 720 3262 hange
734 3196 914 3264 persequendi·

582 3390 788 3402 m-

394 3551 661 3624 urum
712 3559 747 3626 a
824 3555 974 3625 xx111.
1072 3538 1098 3559 ·’

600 3689 757 3715 ὴ

221 3771 847 3855 ARGUMENTUMVTROGI
890 3774 1148 3838 POMPEII.

414 3874 798 3950 (PROLOGUS
826 3879 960 3957 XXIII.)

125 3956 250 4051 Tertio
271 3995 304 4050 et
323 3992 467 4054 vicesimo
488 3986 641 4056 volumine
662 3982 859 4058 continentur
882 3997 972 4059 lraec.
995 3996 1040 4060 Ut
1052 3970 1248 4074 Agathocles

91 4072 95 4081 “
125 4072 242 4136 domita
262 4074 369 4138 Sicilie
395 4077 513 4140 bellum
541 4079 574 4140 iu
598 4078 689 4144 {telle
716 4081 846 4158 Bruttiis
877 4081 1028 4147 intulerit.
1079 4081 1249 4165 Repetitsa
