2624 4606
125 172 275 258 eeu¹
493 168 938 251 ruerint-

142 374 146 383 ·
175 345 288 423 cognito
308 332 464 405 Demetrius
486 344 560 402 vitre
583 345 697 420 quidem
716 345 790 416 eius,
812 362 849 403 ne
864 343 1118 417 Ariarathesrruetu
1136 336 1253 405 'fraterni
1280 376 1283 381 ·

129 486 133 503 ,
175 430 239 491 belli
250 430 425 503 liberaretur,
442 420 581 506 pepercit:
603 429 693 506 ipsum
711 436 803 487 autem
819 430 1044 506 comprehensum
1060 431 1253 512 vinctum&-

149 516 279 589 51euciee
291 514 423 573 custodiri
436 514 520 572 iubet
564 511 626 573 Nec
639 513 839 572 Antiochenses
852 514 953 572 iudicio
965 515 1054 573 territi
1067 535 1086 573 e
1100 516 1254 574 defectione
1294 548 1297 553 ·

107 600 347 687 ,'edestiterunt
391 599 489 675 ltaque
508 597 703 657 adiuvantibus
728 603 759 658 et
777 597 952 672 Ptolemaeo,
973 619 1040 675 rege
1059 599 1203 677 Aegypti,
1223 607 1254 659 et
1292 617 1297 623 ·

174 683 288 755 Attalo,
310 703 377 759 rege
397 683 499 755 Asiae,
529 687 559 740 et
579 680 725 741 Ariarathe
747 684 943 760 Cappadociae
948 727 961 756 ,
979 684 1050 743 bello
1071 703 1088 741 a
1110 683 1254 743 Demetrio

176 769 293 827 lacessiti
315 770 474 826 subornant.
486 785 537 844 pro
551 786 579 824 eo
591 765 714 825 Belum*
730 769 894 843 quemdem,
921 770 1002 826 sortis
1021 775 1162 827 extremae
1180 769 1254 828 iure·

150 860 255 926 7nem,
277 852 324 928 qui
337 852 434 928 Syriae
447 871 562 928 regnum
575 852 650 909 velut
661 856 806 930 paternum
818 853 900 909 ermis
914 859 1070 931 repeteret:
1093 858 1122 911 et
1134 873 1172 912 ne
1188 855 1254 930 quid

146 1005 151 1013 ,
171 937 354 996 contumeliae
369 938 495 1010 deesset,
512 948 614 1001 nornen
627 936 652 995 ei
667 935 817 994 Alabandei
830 938 935 994 inditur
955 938 1122 1013 genitusque
1144 937 1180 995 ab
1197 939 1254 996 An-

77 1057 83 1063 ·
148 1022 263 1083 8tioeho
279 1041 347 1097 rege
358 1021 463 1079 dicium.
505 1021 628 1079 Tantum
646 1022 739 1081 odium
758 1021 893 1081 Demetrii
913 1023 989 1099 apud
1009 1041 1105 1082 omnes
1126 1026 1203 1096 erat,
1225 1030 1254 1080 ut

152 1107 282 1172 ,aemulo
298 1106 356 1166 eius
370 1125 428 1163 non
439 1105 511 1164 vires
525 1107 620 1182 regiae
635 1111 761 1180 tanturn,
781 1126 875 1165 verum
896 1107 980 1165 etiam
999 1107 1254 1182 generisnohilitas

147 1199 310 1251 ecmsensu
325 1190 446 1249 onmium
457 1191 632 1250 tribueretur.
676 1191 765 1264 lgitrrr
780 1190 957 1265 Alexander,
985 1191 1141 1249 admirabili
1162 1211 1254 1250 remur

171 1277 306 1336 varietate
318 1276 495 1355 pristinarum
512 1276 637 1333 serdtnin
655 1271 774 1346 oblitus,
793 1276 880 1333 tetius
901 1278 987 1334 ferme
1008 1276 1131 1335 Orientis
1151 1277 1253 1335 viribus

172 1362 324 1420 succinctus
343 1358 448 1419 bellum
462 1360 606 1420 Demetrio
619 1360 719 1431 itr'l'eit3
731 1362 897 1436 <victumque
912 1361 970 1418 vita
989 1361 1093 1439 puriter
1111 1379 1145 1418 ac
1164 1380 1253 1437 regno

130 1454 164 1506 10
171 1446 281 1525 spoliet.
324 1445 499 1521 Quamquam
515 1465 566 1504 nec
583 1445 727 1504 Demetrio
749 1445 855 1503 enimus
874 1446 902 1502 in
914 1444 1191 1523 propulsandobello
1205 1446 1254 1504 de·

170 1531 231 1590 fuit.
272 1528 347 1588 Num
362 1536 390 1588 et
403 1531 492 1607 primo
506 1529 612 1608 proelio
627 1531 736 1589 hostem
751 1531 858 1606 fugavit
874 1536 901 1587 et
916 1531 1029 1606 regibus
1048 1530 1149 1588 bellum
1172 1531 1252 1588 resti-

120 1622 161 1674 ·11
175 1615 315 1673 tuentibus
330 1614 416 1671 multa
430 1614 511 1672 millia
529 1616 558 1671 iu
576 1615 636 1673 acie
649 1615 756 1674 cecirbt.
799 1615 844 1671 Ad
860 1621 1029 1691 postremum
1045 1621 1139 1673 tamen
1152 1614 1252 1673 invicto

56 1740 59 1746 -
172 1701 263 1758 auimo
276 1700 347 1757 inter
360 1700 573 1757 confertissimos
588 1700 736 1758 fortissime
752 1700 883 1757 dimicans
897 1701 1003 1759 cecidit.
1078 1737 1081 1742 -
1163 1732 1167 1743 .

149 1825 162 1875 1
258 1815 296 1873 ll.
323 1815 403 1875 Initio
425 1817 487 1877 belli
506 1817 664 1877 Demetrius
680 1818 752 1875 dirus
768 1817 842 1875 filios
866 1819 943 1896 apud
963 1819 1096 1876 Gnidium
1114 1817 1251 1895 hospitem

33 1915 36 1919 ’
150 1920 250 1961 ,suum
270 1920 331 1957 cum
352 1921 454 1977 magno
475 1904 534 1959 eriri
555 1903 680 1980 pondere
698 1896 958 1973 commendaverat,
988 1910 1017 1959 ut
1038 1902 1103 1960 belli
1124 1903 1250 1979 periculis

146 1986 355 2045 ueximerentur
368 1992 413 2057 et,
435 1988 458 2043 si
469 1989 512 2044 ita
526 1989 584 2046 tore
602 1986 725 2060 tulisset,
746 1994 881 2064 peterere
893 1985 988 2045 idtioui
1005 1990 1188 2045 servarentur.
1211 1987 1252 2043 Ex

168 2070 214 2128 hie
226 2070 331 2141 matur,
352 2069 529 2143 Durotrius,
554 2074 644 2130 annos
662 2073 816 2150 pubertatis
833 2089 967 2148 egressus
985 2072 1084 2129 audite
1101 2070 1251 2130 Alexandri

173 2155 292 2228 luxuria,
315 2173 397 2229 quem
412 2158 571 2233 insperatae
583 2174 652 2234 opes
664 2164 695 2216 et
707 2157 813 2216 dieue
820 2157 959 2218 felicitatis
975 2162 1155 2228 ornamenta,
1177 2157 1252 2216 velut

156 2246 301 2317 'ceptrum
319 2240 396 2298 iuter
412 2248 565 2301 scortorum
586 2256 687 2317 greges
709 2236 834 2300 desidem
850 2243 883 2298 iu
902 2243 981 2316 regia
996 2242 1153 2314 tenebant,
1176 2243 1251 2299 auxi-
1269 2252 1272 2259 ’

172 2325 301 2382 lientibus
315 2324 494 2385 Cretensibus
508 2345 633 2385 securum
649 2342 684 2384 ac
694 2326 768 2384 'nihil
786 2327 886 2385 hostile
895 2328 1066 2385 metuentem
1079 2327 1251 2401 adgreditur.

145 2407 368 2467 sshntiochcuses
383 2429 493 2486 quoque
505 2417 624 2469 veterem
639 2411 726 2488 petris
743 2413 878 2469 offensam
893 2413 973 2468 novis
986 2411 1089 2469 meritis
1106 2412 1251 2469 correcturi

89 2506 96 2519 “
172 2513 202 2552 ee
219 2495 244 2552 ei
263 2493 391 2552 tradunt:
414 2497 464 2553 sed
485 2501 515 2553 et
534 2495 633 2554 milites
654 2496 764 2572 paterni
786 2499 880 2554 favore
899 2497 1004 2554 iuvenis
1025 2495 1133 2554 accensi
1153 2496 1250 2573 perieris

172 2578 334 2636 sacramenti
360 2577 522 2654 religionem
545 2580 609 2636 novi
630 2579 704 2654 regis
730 2580 874 2659 superbiae
895 2581 1084 2658 praeferentes
1109 2581 1192 2656 sigua
1216 2581 1251 2638 ad

234 2704 248 2735 *
265 2702 430 2797 propalam

129 2846 336 2857 Ἤ

145 2991 153 3006 .
198 2919 284 3045 §agn
292 2918 459 2989 maenae]
484 2921 670 2990 Philometore,
695 2924 739 2992 qui
754 2924 835 2978 tiliam
856 2936 962 2994 quoque
980 2922 1060 2978 Baiae
1076 2921 1104 2995 iu
1121 2923 1270 2993 matrinae.

197 3059 328 3126 lacessiti]
342 3059 443 3128 magt,
461 3058 597 3123 Periz.,·³
615 3061 714 3125 Deru,
731 3070 798 3115 vett.
815 3062 890 3117 edd:
907 3064 1043 3117 lacessitis.

195 3132 336 3183 ruborrmut
360 3131 500 3212 propulere
523 3129 596 3181 codd.
615 3130 737 3185 exhibent
760 3149 843 3201 paene
860 3149 962 3196 omues;
992 3136 1006 3186 1
1026 3132 1169 3199 Bongarau
1191 3147 1254 3199 pro·

53 3259 55 3264 ,
125 3200 238 3268 palante
252 3198 349 3250 'nescio
375 3213 420 3267 qur
436 3198 522 3250 eliam
544 3200 681 3266 propolam
705 3201 753 3266 (cl.
772 3209 857 3252 notem
875 3200 1060 3266 Bernecceri);
1090 3198 1151 3251 edd.
1176 3206 1252 3252 vett:

129 3268 303 3336 &malrum
335 3260 479 3318 Primusl.
502 3266 548 3319 Fr.
566 3267 716 3319 Gronovius
738 3270 860 3335 uideret,
885 3268 945 3336 quid
968 3268 1009 3321 rei
1027 3274 1098 3321 esset
1115 3273 1143 3320 et
1167 3264 1253 3321 'emen-

128 3337 213 3390 darit:
231 3338 372 3394 subornant
390 3337 485 3387 Belum
503 3354 545 3403 p,
564 3344 593 3386 ut
608 3337 668 3388 inde
687 3346 834 3390 constanter
851 3338 947 3389 editum
965 3344 1014 3391 est.
1053 3337 1085 3390 V‘.
1099 3336 1252 3390 Graevium.

127 3402 368 3470 „Leviore'tameu
386 3405 539 3467 mutatione,
557 3403 641 3473 iuquit
663 3407 846 3475 Wopheusiue.
872 3405 1033 3458 rescribebat
1050 3405 1110 3457 Nic.
1130 3405 1253 3458 Heinsius

80 3495 83 3498 ’
127 3474 162 3527 erl
179 3473 272 3526 Vellei.
288 3472 334 3534 ΙΙ,
348 3471 401 3526 ets
420 3475 568 3524 ’subornant
590 3490 638 3540 pro
664 3490 694 3526 eo
721 3476 814 3527 Belum
835 3479 878 3542 q.“
911 3475 991 3537 erod
1014 3490 1065 3525 nos
1094 3475 1253 3544 recepimus:

59 3580 89 3589 -.
146 3543 189 3595 uia
205 3544 232 3595 iu
250 3542 364 3594 omuibus
382 3540 455 3592 libris
472 3542 581 3592 habetur
599 3542 698 3610 syllaba
714 3561 770 3611 pro.
808 3544 906 3596 Eadem
932 3543 1044 3596 dictione
1068 3543 1152 3596 retitur
1170 3544 1253 3609 Fron-

184 3628 205 3664 s·
250 3608 430 3680 ‚Wopkensz
449 3613 576 3677 quendam
592 3624 640 3680 pre
659 3614 988 3683 bunasrsgueuhornuturn
1000 3612 1139 3664 eniserunt.
1185 3610 1189 3615 ’

196 3624 255 3746 ἐξ.
291 3677 436 3747 Antiocho]
455 3679 601 3749 Epiphane.
688 3698 691 3705 ’
1084 3692 1087 3697 ’

198 3783 229 3835 0,
247 3783 281 3835 ll.
305 3786 322 3848 5
341 3787 364 3838 1.
393 3783 486 3850 filios]
504 3762 836 3843 Dunetrium'Nicauorem
854 3789 882 3836 et
898 3783 1065 3845 eunuchum,
1081 3783 1213 3838 Sidenum.

200 3852 341 3916 Gnidiam]
367 3852 388 3905 I.
407 3852 452 3904 ue.
470 3854 603 3906 Gronov.:
625 3851 717 3913 Cuiulr
743 3853 776 3905 of.
795 3854 878 3905 Gron.
1098 3862 1101 3867 '

191 3921 432 3988 ¹eorarnenduvcrut]
448 3921 603 3975 servandum
620 3921 796 3985 maudaverat,
808 3921 972 3985 credideret3
992 3939 1017 3972 v.
1028 3921 1130 3988 Bone,
1145 3924 1255 3986 Graes,

128 3990 240 4044 Duteok.

37 4058 40 4062 ’
191 4058 269 4125 sors]
288 4056 378 4121 Bodb,
396 4058 495 4110 Goth:
513 4077 576 4115 sore.
