2624 4606
293 236 483 299 nrsron
507 237 591 301 ura.
613 200 686 301 nri.
715 240 810 303 our.
828 248 862 311 a.
884 248 914 311 r.
1104 249 1185 313 roo

64 392 191 457 Tinna*
204 390 328 466 insulae,
338 410 409 450 eom
422 394 461 452 ad
479 395 615 455 oroonlum
628 394 754 474 Delphos
771 372 888 476 propter
906 397 1026 458 dedecus
1047 397 1144 461 adole·

62 480 166 541 neentis
185 478 236 536 filii
255 477 379 535 nondum
399 478 540 555 loquentis
560 481 642 540 deum
656 482 854 558 deprecaturus
867 483 1006 558 venisset,
1026 503 1144 561 respon-
1255 542 1258 550 .

64 584 128 629 snm
137 562 261 641 aceepit,
282 581 338 637 quo
352 562 580 633 iubebatnrfilius
596 567 655 625 eins
667 565 766 623 Battos
779 566 905 645 Africano
913 573 1003 644 petere
1016 574 1042 627 et
1055 569 1144 628 inlesa

66 649 186 728 Cyrenes
202 646 326 718 condere,
348 666 425 707 mum
438 646 550 724 linguae
566 651 786 727 iliaeoepterur.
829 651 901 711 Cum
919 672 1083 731 responsum
1102 653 1169 714 lu-tl

65 735 157 797 dibrio
170 732 257 793 simile
277 732 417 790 videretur
436 741 551 813 propter
569 734 746 794 solitudinem
763 734 885 799 Therae*
899 736 1021 812 insulae,
1042 726 1145 814 eliqua
1204 746 1210 763 ¹

64 820 156 880 coloni
171 819 209 879 ad
222 817 319 876 orbern
332 819 506 877 condendam
519 819 549 877 in
563 819 753 879 Airitamtam
765 827 860 881 vastae
872 823 994 899 regionis
1008 823 1146 901 proficisci
1255 838 1258 845 ¹

63 905 246 975 iubebantur,
267 921 311 960 res
331 903 433 960 omissa
449 909 500 962 est.
544 903 690 965 Interiecto
705 905 810 964 deindo
829 911 969 985 tempore,
990 907 1066 968 velot
1079 905 1170 966 eon-*l

64 990 208 1061 mmaees,
229 986 388 1066 pestilentia
398 989 452 1047 deo
471 1006 570 1067 parere
583 988 797 1068 oompellontur:
820 1010 938 1075 qnorum
952 997 1010 1049 tam
1029 993 1145 1068 insignis

64 1075 194 1155 pancitas
215 1074 286 1142 suit,
315 1077 347 1129 nt
365 1073 411 1130 vix
425 1092 509 1132 unam
525 1092 625 1134 navem
645 1074 822 1153 complerent:
866 1076 938 1135 Cum
957 1077 1097 1136 venissent
1113 1077 1172 1136 ind
1223 1106 1227 1112 ·

65 1159 204 1231 Africam,
216 1156 311 1235 pulsis
329 1157 428 1215 accolis
445 1165 568 1218 montem
588 1160 682 1236 Cyran
702 1167 731 1219 et
743 1165 860 1238 propter
883 1162 1079 1221 amoenitatem
1094 1160 1148 1220 loci
1176 1166 1192 1190 ⁵
1205 1210 1223 1248 q

66 1251 98 1304 et
114 1250 230 1323 propter
253 1242 337 1299 fontis
361 1243 516 1302 ubertatem
543 1263 718 1322 occupavere
761 1245 803 1302 lbi
821 1244 938 1319 Battos,
965 1247 1022 1303 dur
1035 1251 1174 1320 eornm,6
1228 1248 1243 1257 “’

68 1330 184 1406 linguae
205 1327 286 1385 nodis
307 1325 405 1384 solatis
422 1328 498 1404 loqui
514 1330 632 1407 primam
646 1330 751 1407 eoepit:
774 1347 846 1405 qnae
865 1349 910 1389 res
929 1331 1034 1389 animos
1054 1349 1150 1389 eorum

67 1434 105 1474 ex
117 1412 259 1492 promissis
273 1411 319 1469 dei
332 1412 386 1469 iarn
398 1418 479 1490 parte
492 1420 626 1492 percepta
644 1415 673 1472 in
689 1413 822 1489 reliquam
836 1432 914 1493 spem
926 1416 1089 1474 condendae
1105 1434 1151 1480 ur·
1187 1425 1190 1431 '

42 1495 112 1558 'bis
125 1493 259 1557 ascendit.
299 1495 399 1554 Positis
420 1499 506 1573 igitur
529 1500 626 1557 eastris
643 1499 803 1576 opinionem
825 1485 1058 1559 veteris‘sabuliae
1079 1499 1175 1559 aori-7

68 1584 164 1663 piant,
186 1584 330 1657 Cyrenen,
345 1581 460 1642 eximiae
475 1583 682 1660 pulchritudinis
698 1584 841 1658 virginem,
856 1582 1045 1644 a'l'hessaliae
1056 1590 1151 1644 monte
1194 1632 1201 1639 .

69 1667 148 1728 Pelio
162 1669 199 1726 ah
210 1664 338 1743 Apolline
351 1672 460 1744 raptam
475 1667 666 1746 perlatamqne
674 1670 706 1733 in
720 1669 843 1727 eiusdem
857 1669 960 1727 montis
973 1670 1054 1746 iuga,
1075 1669 1153 1727 ouius

71 1753 168 1812 collem
195 1740 416 1828 occupaverant,
447 1753 540 1810 adeo
569 1753 702 1831 repletam
730 1758 850 1829 quatuor
876 1772 977 1831 pueros
1000 1753 1151 1833 peperisse,

70 1837 229 1909 Nomium,
256 1836 430 1910 Aristaeum,
458 1836 611 1897 Autoohurn
624 1837 663 1913 **,
689 1839 807 1914 Agreum
823 1837 881 1911 ***;
916 1839 1015 1896 missos
1036 1857 1054 1897 a
1073 1843 1177 1916 patre8

134 1954 149 1987 *
172 1953 341 2013 Tleromenir
426 1953 455 1988 **
476 1955 625 2015 Authoourn
709 1956 753 1990 ***
772 1955 907 2032 argaeum

73 2123 206 2190 1Bong.=
231 2121 371 2188 otranno.)
406 2122 441 2174 At
467 2122 585 2176 Theraei
608 2122 679 2191 regis
702 2138 793 2175 nomen
822 2123 919 2174 tiriaus
938 2125 992 2183 est,
1023 2121 1093 2190 quod
1110 2122 1193 2190 Bong.

71 2194 141 2246 hene
154 2190 281 2260 reposuit.
316 2189 400 2243 Aliam
418 2208 467 2242 non
485 2192 588 2256 inveni,
614 2192 660 2260 qni
677 2191 841 2246 Aristotelem
864 2191 903 2244 ita
927 2208 984 2243 oum
1002 2191 1086 2243 Grino
1103 2190 1196 2258 ionga·

72 2268 124 2316 ret.
159 2260 227 2312 Vide
242 2259 363 2311 indicium
381 2260 502 2312 Muelleri
522 2262 640 2312 Orchom.
658 2277 685 2328 p·
703 2259 755 2316 ³46
773 2279 812 2328 sq.

145 2329 406 2383 lheramenishabes
423 2329 449 2380 in
467 2329 700 2392 coddnniversis3
728 2336 756 2382 at
775 2331 884 2393 noerae,
902 2326 1039 2394 quodiam
1057 2325 1085 2378 in
1103 2325 1196 2381 Aldina

72 2396 219 2452 restitutam
236 2404 308 2459 erat,
326 2414 358 2451 ex
373 2404 506 2451 auctorum
524 2415 648 2451 consensu
665 2398 801 2465 legendnm
819 2397 886 2450 vidit
902 2398 1003 2464 Bong.,
1021 2413 1048 2465 q.
1064 2410 1091 2448 v.

145 2469 276 2536 Cyrenen]
294 2467 376 2534 Bong.
395 2466 504 2535 ubique:
526 2469 656 2537 Cyrenen.
692 2469 739 2520 Sic
759 2467 850 2534 codd,
868 2470 897 2520 ut
915 2466 997 2519 Goth.
1110 2465 1118 2487 ⁷

75 2565 78 2571 ·
144 2536 313 2604 adreptum]
332 2537 393 2590 Mss.
411 2537 511 2606 Bong.=
527 2545 700 2606 ocoeptorom.

54 2631 56 2635 v
143 2606 204 2669 §A
238 2605 349 2674 insignis
363 2607 503 2674 paucitas]
521 2607 554 2660 V.
572 2605 672 2660 omnino
688 2605 788 2660 Herod.
805 2605 852 2670 IV,
871 2605 930 2661 153.
1143 2642 1146 2647 ›

144 2674 204 2738 §h
237 2676 318 2742 pulsis
335 2675 447 2740 arcolis]
479 2675 567 2740 Boon,
592 2676 687 2744 Prag.=
710 2677 782 2745 polsi
799 2677 832 2728 oh
850 2674 958 2739 areolis,
984 2687 1017 2726 ex
1034 2670 1101 2724 male
1118 2669 1196 2724 intel·
1244 2723 1248 2733 ,

72 2744 145 2797 lenta
162 2742 290 2794 Herodoti
307 2742 465 2795 narratione.
885 2788 895 2797 ,.
1031 2767 1033 2773 v
1138 2758 1143 2763 ·
1260 2797 1263 2805 .

147 2811 429 2879 Cprao18ioBong.‚
451 2810 520 2863 cuius
537 2810 582 2865 alii
599 2811 689 2866 noddo
708 2812 827 2874 Cinam,
851 2828 915 2864 unns
935 2811 1078 2878 Clupormnr
1100 2809 1197 2876 Prag.=

75 2881 197 2934 loentum.
223 2879 422 2948 Jsplanitiem,
439 2881 535 2946 inqua
552 2881 601 2932 sita
621 2887 679 2932 erat
696 2881 813 2947 Cyrene,
832 2897 864 2932 ex
881 2897 932 2933 ana
950 2887 1026 2950 parte
1042 2879 1197 2941 claudebaty

74 2967 102 3004 v.
121 2949 245 3002 Boeolrlrii
263 2949 405 3018 Explicatt.
428 2950 460 3000 ad
479 2950 556 3001 Pind.
576 2949 654 3018 Pyth.
672 2948 719 3000 lv.
738 2967 763 3017 p.
778 2951 838 3004 267.

140 3014 227 3083 fontis
242 3019 408 3084 ubertatem]
425 3017 443 3068 i.
462 3035 485 3072 e.
503 3017 619 3084 largam,
636 3034 711 3084 quam
729 3017 839 3079 emittit,
857 3014 1056 3083 scaturiginem
1078 3009 1198 3078 intelligit

76 3085 203 3156 Apollinis
220 3085 331 3149 fontem,
348 3087 446 3138 Herod.
464 3086 511 3149 IV,
530 3086 589 3140 158.
623 3087 749 3153 Bongars.
767 3101 886 3156 quoque,
905 3084 1023 3152 plerique
1040 3099 1096 3133 mss.
1115 3082 1197 3131 Gron.

77 3161 106 3208 et
122 3154 204 3275 Golth.
222 3172 245 3206 o.
265 3155 322 3208 edd.
341 3162 406 3208 vett.
424 3156 505 3208 ferme
521 3153 652 3208 omnibnsr
665 3156 760 3221 sontis.
798 3153 896 3221 Vulgo:
909 3153 1026 3219 sontium
1042 3152 1140 3212 ahorn,
1157 3147 1198 3200 in·

74 3223 99 3277 ei
135 3223 145 3274 i
171 3221 280 3275 evitate.

99 3240 165 3359 gns
181 3293 215 3355 7..
241 3292 406 3361 opinionem]
425 3291 488 3344 Mos.
506 3292 606 3360 Bong.:
621 3291 773 3359 opinione·
1072 3316 1078 3322 ·

46 3362 65 3402 ff
147 3367 258 3428 quotuor
272 3361 383 3429 pueros]
407 3360 496 3413 Ceteri
519 3361 581 3413 duos
604 3365 703 3412 tantum
727 3362 871 3421 noverunt,
899 3355 1043 3411 Aristaeum
1070 3358 1098 3407 et
1114 3355 1199 3413 Antu-

28 3443 31 3447 ’
77 3431 168 3493 chum,
186 3431 229 3482 vel
246 3430 311 3483 adeo
330 3429 471 3482 Aristaeum
489 3431 584 3492 solnm3
602 3424 713 3495 Νόμιος
725 3435 752 3481 et
762 3424 868 3496 Ἀγρεύς
885 3433 945 3480 nota
959 3423 1085 3494 Apollinis
1103 3439 1199 3487 cogno-

46 3508 52 3519 '·
74 3498 147 3552 ruina
162 3504 236 3561 sunt,
262 3499 386 3567 equibus
403 3500 503 3567 mythos
524 3499 575 3552 iam
603 3515 650 3568 pro
676 3515 748 3551 more
769 3497 836 3550 filios
862 3494 987 3565 Apollinis
1005 3492 1096 3545 efficit
1131 3492 1200 3544 Vide
1260 3493 1264 3501 '

76 3567 201 3623 Muelleri
219 3568 338 3620 monum.
356 3585 381 3637 p.
399 3569 451 3622 347
468 3586 506 3637 sq.
525 3567 589 3636 ibiq.
607 3567 695 3620 laudd.
730 3566 829 3619 Eodem
852 3567 925 3617 fonte
949 3565 1052 3616 Graeco
1078 3577 1136 3614 urus
1160 3565 1200 3613 eat
1238 3626 1240 3629 Ι

76 3636 167 3705 Etym.
180 3635 236 3688 ld:
259 3630 366 3705 Ἀγρεύς
384 3631 400 3689 ὁ
418 3631 493 3704 ἥρως
510 3636 620 3705 εἴρηται
641 3633 720 3705 παρὰ
738 3633 771 3690 τὸ
790 3631 821 3688 ἐν
841 3630 918 3704 olypqi
936 3630 1115 3700 γεγενῆσθαι·
1139 3621 1197 3682 ἀπὸ
1279 3637 1283 3645 “

75 3702 132 3772 γὰρ
148 3700 282 3774 Κυρήνης
298 3704 346 3758 eol
361 3700 537 3766 Ἀπόλλωνος.
1154 3744 1156 3749 «
1228 3724 1231 3729 ·

149 3776 315 3842 Autnoloum]
338 3776 420 3842 Bong.
438 3775 492 3826 sine
509 3792 535 3828 v.
551 3775 583 3826 l:
601 3774 762 3834 Authooom5
779 3770 860 3823 ceteri
877 3769 903 3822 in
921 3768 1082 3831 lilutlroourn,
1098 3765 1200 3848 Authq·

71 3859 157 3905 παπ,
179 3843 275 3896 atalia
293 3846 461 3908 aberrarunt3
486 3850 633 3896 constanter
649 3850 734 3896 tamen
751 3845 836 3892 omnes
854 3839 905 3891 litt.
925 3841 1063 3900 otmunt,
1089 3842 1119 3888 ut
1136 3851 1200 3886 scri·

77 3910 191 3964 bendum
204 3911 340 3966 videatur:
359 3913 521 3975 Autoolnrme
538 3911 584 3964 sed
598 3918 695 3965 certum
711 3908 854 3978 exemplum
871 3925 923 3960 non
937 3905 998 3959 nori
1012 3904 1201 3975 productae

73 3980 219 4034 litterano
236 3998 292 4034 enm
309 3981 361 4036 litt.
379 3999 395 4033 o
411 3981 491 4050 longa
507 3987 681 4051 permutatam
707 3995 787 4048 quara
804 3977 951 4030 Antachara
973 3973 1069 4042 'scripti
1085 3972 1202 4056 aona-

77 4057 153 4104 stote
169 4047 234 4117 περὶ
249 4047 383 4120 Κυρήνης
399 4067 442 4119 ap.
461 4050 540 4103 schol.
557 4050 674 4119 Apollon.
690 4047 715 4099 ll
724 4085 732 4114 ‚
750 4044 802 4102 498
819 4062 894 4099 suasu
913 4048 942 4099 0.
963 4045 993 4097 0.
1012 4044 1139 4096 Muellerr.

121 4118 286 4249 IAgreum]
311 4137 370 4174 nam
393 4118 492 4175 Graeci
511 4113 625 4189 ltyqaie.
668 4117 794 4187 ungara
816 4115 908 4171 aoddr
930 4115 1066 4244 Asperum
1087 4108 1130 4164 ael
1152 4109 1203 4162 Aa·

71 4220 77 4232 ›
139 4210 273 4250 naumis.
656 4250 665 4259 ,
