2624 4606
117 219 181 304 ιιι
372 214 882 320 ·²··-1u··s'r·1N1
933 266 936 271 -
985 272 990 279 -

158 384 273 466 orator,
287 392 383 472 pulsus
400 386 498 470 patria
514 392 551 450 ob
565 390 789 469 crimen'accepti
807 390 846 449 ab·
856 388 1005 468 Harpalo*
1021 393 1102 469 auri,
1119 394 1247 469 quicrna

159 476 301 538 delitatem
321 477 470 537 Alexandri
489 479 618 553 fugerat,
639 478 717 553 qnod
735 477 875 536 civitatem
896 476 925 534 in
945 476 1070 535 eiusdem
1088 476 1247 541 Alexandri

117 570 152 623 10
162 561 442 641 bellumimpelleret,
462 563 537 620 forta
549 560 673 637 Megaris
685 561 845 621 exsulabat:
864 561 915 637 ¹qui
931 565 963 618 nt
972 561 1091 621 missum
1103 563 1140 622 ab
1151 563 1266 625 atne--

157 648 298 707 aiensibus
310 647 483 727 Hyperidem
496 645 619 721 legatum
632 647 780 722 cognovit,
798 646 846 721 qui
861 645 1089 723 Peloponnenses
1103 649 1134 705 in
1153 650 1247 711 socie·

157 741 247 790 tatem
259 750 397 789 armorum
413 731 586 803 sollicitaret,
608 737 718 790 secutus
742 750 805 789 eum
818 729 955 806 Sicyone,
977 728 1071 807 Argos
1088 737 1119 790 et
1140 731 1245 792 Corin·

116 825 147 877 11
158 817 234 875 thum
252 822 413 893 ceterasque
433 815 556 874 civitates
578 815 735 892 eloquentia
751 834 802 874 sua
815 812 1031 875 Atheniensibus
1052 815 1150 875 iunxit.
1173 824 1176 831 '
1194 819 1244 880 ob

155 901 232 978 quod
244 901 347 958 iactum
360 902 446 959 missa
458 901 495 958 ab
507 898 721 959 Atheniensibus
735 901 845 958 obviam
862 918 934 960 nave
951 901 988 959 ab
1010 901 1107 959 exsilio
1128 904 1245 963 reuoca·

115 991 209 1045 12tur.
252 984 365 1043 interim
386 986 415 1043 in
433 984 578 1044 obsidione
592 983 730 1063 Antipatri
740 983 931 1058 Leosthenes,
953 986 1010 1044 dux
1021 983 1243 1071 Atheniensium,

48 1082 52 1087 '
115 1074 150 1129 15
157 1069 213 1129 telo
228 1068 341 1129 eruaris
356 1070 386 1128 in
399 1076 588 1129 transeuntem
605 1070 679 1128 iacto
696 1070 839 1128 occiditur.
883 1070 965 1138 Quae
983 1088 1029 1129 res
1050 1075 1161 1132 rantum
1181 1076 1243 1132 aui·

53 1207 55 1211 .
114 1154 262 1213 timomm
275 1152 424 1233 Antipatro
437 1155 534 1228 dedit,
558 1160 590 1212 nt
602 1155 685 1214 etiarn
701 1153 801 1212 vallum
815 1155 972 1217 rescindere
987 1155 1111 1217 auderet.
1155 1154 1243 1216 Anxi-

89 1286 94 1297 ,
157 1239 224 1297 linm
237 1239 339 1299 deinde
349 1258 368 1297 a
380 1239 508 1299 Leonato
520 1256 572 1315 per
582 1239 692 1315 legatos
705 1240 793 1319 petit:
812 1240 946 1316 qni-cum
966 1239 1062 1299 venire
1083 1259 1147 1300 cum
1161 1261 1241 1303 exer-

156 1324 367 1383 citnnuntiatua
381 1331 473 1397 esset,
494 1323 569 1381 obvii
582 1324 609 1382 ei
620 1323 804 1383 Athenienses
818 1342 881 1382 cum
898 1324 1039 1384 instrudis
1053 1327 1142 1405 copiis
1160 1328 1242 1397 fuere

115 1410 149 1466 1⁵
157 1409 252 1486 ibique
263 1411 384 1487 equestri
399 1409 505 1488 proelio
523 1409 600 1483 gravi
619 1407 732 1468 vnlnere
753 1409 825 1466 ictus
846 1409 1037 1485 exstinguitur.
1079 1409 1241 1489 Antipater,

157 1494 269 1554 tametsi
285 1494 386 1552 auxilia
403 1512 453 1552 sua
476 1495 583 1552 videret
597 1493 684 1567 ricta,
695 1498 796 1552 ⁴morte
810 1499 903 1552 tamen
915 1492 1034 1553 honali
1046 1488 1163 1554 laetatus
1179 1506 1241 1557 est:

156 1580 261 1658 qnippe
275 1584 305 1637 et
317 1577 453 1638 aemulum
474 1577 608 1636 sublatum
628 1584 658 1636 et
674 1578 747 1637 vires
760 1578 820 1637 eius
839 1579 989 1639 acoessisse
1010 1579 1063 1638 sibi
1079 1581 1240 1656 gratulaba-

115 1666 149 1721 16
157 1670 211 1722 tur.
253 1664 355 1721 Statim
369 1664 453 1739 igitur
470 1663 589 1722 exercitu
612 1660 672 1721 eins
694 1669 825 1741 recepto,
852 1681 914 1722 cum
933 1682 985 1742 par
1007 1663 1132 1723 hostibus
1151 1668 1239 1727 etiam

82 1812 85 1817 ,
116 1751 148 1805 17
155 1747 262 1827 proelio
277 1748 433 1823 videretur,
452 1747 556 1805 solutus
570 1747 714 1806 obsidione
727 1748 758 1805 in
768 1748 964 1818 Macedoniarn
977 1750 1122 1808 concessit.
1146 1750 1238 1812 Grae·

155 1850 250 1892 corum
267 1851 380 1909 qnoque
392 1832 489 1912 copiae
501 1832 600 1890 finibus
614 1832 750 1892 Graeciae
763 1832 845 1892 hoste
859 1832 941 1910 pulso
962 1833 991 1891 in
1007 1833 1088 1892 nrbes
1101 1833 1243 1912 dilapsae..

131 1922 148 1977 1
241 1916 290 1976 Vl.
320 1917 431 2004 Interea
444 1916 576 1978 Perdicca
587 1916 658 1977 bello
671 1916 826 1994 Ariarathi,
846 1918 907 1995 regi
919 1918 1139 1999 Cappadocum,
1160 1919 1238 1982 illato

218 2038 233 2072 *
253 2036 364 2118 Arpogo

112 2178 325 2192 m

122 2306 125 2323 ,
181 2260 198 2324 ἓ
215 2258 239 2314 9.
274 2258 400 2331 Arpugo]
418 2258 464 2313 Sic
482 2258 558 2313 codd.
576 2274 662 2313 omnes
678 2276 711 2312 er
728 2257 849 2313 memoria
866 2258 1049 2324 historiarum,
1074 2272 1138 2329 quas
1156 2258 1238 2314 libra·

93 2356 96 2360 ·
110 2325 145 2378 rii
160 2325 188 2379 ln
205 2328 317 2396 pueritia
340 2330 417 2383 toties
440 2330 603 2395 audiuerant.
640 2335 675 2383 At
691 2330 828 2397 Harpalus
851 2328 1174 2397 romhatnr'llabylnniae
1191 2329 1237 2383 illa

111 2400 215 2478 satrapa
237 2397 442 2482 profusissimus,
473 2398 518 2468 qni
543 2415 605 2467 opes
629 2397 679 2450 sibi
703 2397 844 2480 commissas
867 2406 896 2451 et
919 2397 989 2451 eills
1011 2396 1237 2480 mercen-rariores

110 2463 932 2618 tarrarcurararum.nunburgen
941 2466 1236 2599 analeum

180 2605 249 2670 prod
264 2633 299 2643 -
315 2604 474 2673 impelleret]
499 2603 552 2656 scil.
571 2602 772 2667 Demosthenes,
797 2619 843 2673 qur
867 2608 1003 2673 corruptus
1019 2603 1052 2655 ah
1071 2600 1185 2669 Harpalo
1204 2601 1235 2655 id

111 2667 217 2724 allicere
235 2672 388 2738 ridebatur,
406 2678 435 2726 ut
451 2674 546 2727 tuendo
563 2673 679 2742 Harpalo
702 2673 814 2742 patriam
837 2672 865 2725 in
882 2673 974 2727 bellun
990 2669 1130 2731 Alexandri
1146 2670 1234 2723 conii·

23 2802 29 2815 ‘
110 2745 193 2791 cerat.
228 2741 288 2792 Non
305 2747 379 2794 recte
396 2749 521 2811 ceperunt
538 2741 636 2805 locum,
655 2741 699 2811 qui
714 2741 852 2810 legendum
871 2742 1032 2811 promanat:
1049 2757 1117 2809 qun.
1129 2764 1165 2777 -·
1181 2741 1233 2791 iru-

107 2807 232 2874 pctlerct‚
256 2809 312 2865 scil.
330 2809 390 2864 ideo
407 2814 509 2880 accepts·
525 2811 599 2871 auri,
626 2816 655 2862 nt
671 2817 753 2876 cett.;
778 2810 805 2865 in
822 2811 930 2865 eandem
946 2807 1098 2865 senteutiam
1113 2806 1233 2864 ltorv.2

111 2881 141 2927 et
157 2875 239 2944 Magl.
257 2877 362 2947 leguntr
380 2887 427 2943 ut,
446 2882 572 2949 probante
588 2880 730 2948 Wopkens.
767 2879 830 2933 Mes.
847 2880 946 2948 Bong.=
962 2878 1034 2948 'quod
1050 2894 1107 2931 essa
1123 2878 1173 2931 cio.

179 2948 196 3010 s
215 2948 257 3003 10.
293 2950 461 3018 Corinthum]
489 2950 592 3002 Haece
610 2948 703 3002 ceteris
721 2949 822 3018 quidem
840 2965 891 3001 non
908 2954 1059 3003 recensetur
1073 2946 1143 2999 inter
1159 2944 1235 2999 auxi-

108 3010 267 3070 liahamiaci
281 3016 362 3083 balli,
378 3034 409 3071 ac
426 3035 488 3071 sans
502 3017 672 3071 Macedonum
689 3017 825 3088 praesidiis
842 3017 981 3071 tenebatur
997 3014 1145 3083 (Plutarch.
1158 3016 1235 3069 Aret.

108 3099 133 3138 c.
149 3085 213 3169 23);
231 3086 276 3139 sed
293 3086 358 3140 haec
376 3104 408 3141 an
429 3093 529 3141 tautum
545 3085 589 3139 illo
607 3093 724 3157 ternpore
741 3082 819 3140 etiam
837 3085 864 3138 in
888 3085 955 3138 urbe
972 3084 1119 3147 valuerints
1133 3088 1164 3137 nt
1180 3083 1236 3138 Co·

107 3152 198 3206 rinthrl
215 3154 242 3207 in
259 3172 363 3229 pugnae
380 3156 527 3211 sociemtam
545 3155 635 3208 venire
653 3172 704 3209 non
720 3163 833 3226 possent,
852 3170 904 3207 non
919 3150 1236 3207 immeritu'dnhitabitnr.

107 3219 258 3277 hlannertus
275 3230 361 3278 tamen
379 3226 560 3295 (Nachfolger
577 3230 640 3277 cett.
658 3242 684 3295 p.
701 3226 736 3282 87
753 3224 821 3293 not.)
844 3220 971 3296 lustinum
992 3222 1037 3277 hic
1057 3221 1260 3295 negligentiae·

107 3300 222 3355 accusat.
240 3324 274 3334 -
292 3296 431 3347 Granum
449 3295 610 3363 Hyperiden.
1052 3354 1055 3359 Ι
1160 3306 1165 3363 j
1204 3304 1208 3314 ·
1239 3334 1244 3343 .

163 3361 256 3428 514.
292 3364 429 3432 Lanato]
455 3362 589 3431 Phrygiae
605 3362 698 3415 minori
716 3363 859 3432 maeiectc.
891 3421 895 3427 ,
997 3374 1020 3391 “’
1241 3418 1246 3425 ,

173 3435 192 3499 9
209 3434 252 3486 16.
286 3433 315 3485 in
333 3432 516 3495 Macedoniam
535 3431 679 3498 coemat]
697 3432 791 3484 Omisit
807 3432 849 3485 hic
868 3429 976 3484 &uteri
991 3426 1131 3483 adventum
1148 3434 1180 3483 at
1193 3429 1237 3481 vi·

107 3498 213 3557 storiam
230 3500 402 3555 Macedonum
419 3499 453 3553 ad
473 3503 632 3566 Οιιιιιοιιοιι,
652 3501 782 3566 01.“114,
800 3503 836 3565 83
854 3498 966 3570 denique
983 3515 1052 3568 quae
1066 3504 1160 3552 secata
1173 3497 1236 3551 inda

106 3586 158 3640 pax
173 3575 213 3622 est
228 3586 287 3623 cum
304 3570 413 3640 singulis·
426 3569 591 3632 civitatibnsr
616 3569 677 3622 vide
694 3569 826 3622 Mannert.
850 3569 868 3622 l.
886 3569 904 3621 l.
928 3584 986 3638 cap.
1003 3566 1052 3620 lll.
1077 3583 1105 3637 p.
1122 3564 1160 3620 44
1175 3576 1206 3636 sq
1226 3604 1236 3620 .

175 3637 205 3690 (l.
224 3639 270 3692 v1.
287 3642 305 3706 S
323 3642 347 3693 l.
384 3641 449 3692 hello
466 3639 740 3706 Ariarathi-illuto]
761 3638 839 3705 (Mas.
856 3639 950 3706 Bong,
968 3636 1061 3689 (lnce
1079 3582 1237 3698 Ariaeaotlt

104 3706 189 3761 nnllns
206 3712 291 3761 tamen
303 3709 385 3777 Bong.
397 3724 481 3777 neque
494 3708 579 3771 Oros,
595 3713 626 3760 nt
641 3725 709 3761 recc.
727 3707 825 3776 aliquot
841 3706 917 3760 libris
934 3709 958 3759 h.
975 3705 1236 3772 innoetndrisr.)

104 3776 182 3831 Hunc
199 3792 286 3847 regern
302 3777 459 3846 aggreditur
476 3777 632 3841 Perdiccas,
663 3782 694 3829 nt
711 3775 838 3829 Eunems
862 3776 889 3829 in
913 3773 1063 3844 prouinciae
1079 3769 1129 3826 sibl
1145 3772 1237 3828 dietae

104 3844 285 3916 pomeuiouern
302 3846 420 3910 reniretr
443 3845 660 3910 sedmeraorlae,
682 3851 714 3898 nt
729 3844 847 3911 ridetur,
873 3842 978 3899 fallacia
995 3842 1109 3895 lustinus
1125 3843 1237 3896 aberrat

103 3912 139 3970 ad
154 3913 330 3985 insequentem
346 3916 535 3986 expeditionem
552 3915 713 3978 Perdiccaer
744 3913 832 3973 inilia
855 3914 958 3987 quiden
976 3910 1116 3965 Perdiccas
1133 3908 1235 3965 hastam

103 3984 219 4054 qumvis
245 3990 375 4054 potentem
392 3990 419 4037 et
442 3984 468 4038 in
486 3985 535 4037 hac
553 3984 647 4037 bellura
663 3982 744 4052 copiis
760 3983 877 4037 omnihus
894 3980 1114 4036 instructissimum
1130 3978 1244 4035 dachus·

88 4052 209 4124 ,prasliis
225 4052 356 4111 acerrimis
373 4053 437 4107 vicit
454 4059 609 4124 captumque
625 4050 772 4119 intertacltr
795 4052 858 4106 inde
874 4064 938 4107 reru
959 4043 988 4104 in
1006 4046 1236 4105 Pisidiaartaaas·

102 4130 205 4194 grurus
223 4120 396 4178 man
412 4123 519 4190 ubam,
535 4122 597 4178 dan
613 4122 761 4188 Balscnn,
790 4120 998 4194 sanspssot·
1015 4116 1087 4191 luth
1108 4114 1236 4188 ‘aslue-
