2624 4606
402 196 508 304 -2'1
550 245 580 304 u
622 244 715 306 su
758 245 899 307 rur
978 254 983 261 ·

176 398 320 476 anguinis
334 397 428 457 adiicit
440 400 661 477 superstitionem
673 399 786 479 templi,
812 419 868 477 quo
887 401 985 458 abdita
1006 403 1182 479 profugeritx
1200 409 1256 463 tua

178 491 256 562 topuc
273 484 426 561 religiosius
443 484 562 542 colmelos
574 485 626 542 sibi
640 485 719 558 deos,
740 488 895 563 puumogis
912 485 955 543 lui
966 489 1094 563 propitiat
1108 507 1144 546 uc
1159 489 1259 566 soom·

177 570 251 629 tibus
262 571 386 637 uidem
407 575 464 626 ture
478 588 560 647 nepae
572 569 722 629 ocuteillo
733 589 762 628 sc
774 572 870 628 uirium
885 569 1028 648 paidpucrs
1044 571 1179 650 (patemo
1188 574 1258 633 das·

62 702 65 707 ,
137 660 286 727 iubeant,
303 673 349 712 uec
368 659 536 712 senatuum
553 654 666 714 redditu.
702 655 769 714 ¹Sed
789 663 892 731 quanto
913 656 1027 733 Grypus
1040 656 1156 730 abnuit,
1171 663 1257 734 ,unu

166 758 258 801 soror
273 739 398 797 muliebri
417 739 570 816 pertinacia
590 739 769 811 accenditur,
791 747 860 797 ‘rata
886 758 943 797 nou
964 741 1171 801 misericordiae
1192 744 1258 803 baec

178 825 280 896 rerba,
300 824 352 882 sed
374 823 474 881 amoris
497 843 567 883 esse.
611 824 710 900 ltaque
729 825 835 882 vocatis
864 824 925 902 ipss
947 824 1082 883 militibus
1102 828 1190 886 mittit
1210 830 1257 905 qui

42 938 46 946 ·
137 917 301 969 lassororeur
316 908 505 967 confoderent.
549 909 606 977 Qui
620 914 653 966 ut
668 911 697 967 iu
708 907 840 986 templum
857 908 1046 981 intraverunt,
1064 929 1126 969 cum
1142 912 1258 972 evellere

177 1012 239 1053 eam
256 1011 313 1051 nou
328 999 459 1071 possent,
480 1012 578 1052 manus
592 993 775 1073 amplexantis
786 994 857 1052 deae
866 993 1042 1053 simulacrum
1053 997 1256 1073 praeciderunt

175 1074 259 1138 Tunc
273 1076 424 1156 Cleopatra
436 1080 625 1137 exsecratione
644 1078 841 1156 parricidarum
861 1079 992 1136 mandate
1011 1078 1119 1138 violatis
1137 1082 1257 1140 numiui·

68 1156 85 1194 '¹
135 1161 344 1223 laboratione
359 1160 400 1219 sui
414 1161 531 1220 decedit
560 1161 621 1222 Nee
632 1161 718 1221 multo
732 1174 799 1240 post
815 1164 934 1240 repetita
947 1162 1045 1240 proelii
1057 1168 1257 1241 congressione

174 1248 262 1307 victor
278 1246 432 1322 Cyzicenus
448 1264 561 1306 uxorem
576 1248 667 1324 Grypi
690 1246 905 1325 Tryphaenam,
919 1264 996 1323 -quae
1011 1246 1110 1325 paullo·
1125 1257 1193 1310 ante
1211 1270 1256 1310 so·

173 1350 265 1391 rorem
277 1331 466 1406 interiment,
487 1328 576 1412 bapit3
605 1332 720 1410 eiusque
738 1331 873 1411 supplicio
892 1333 984 1391 uxoris
1005 1333 1135 1393 ramirus
1153 1354 1254 1415 paren·

172 1416 250 1476 tavit.
712 1418 716 1428 “
1147 1440 1150 1445 ·

149 1510 162 1561 1
259 1500 307 1559 Ν.
330 1497 368 1559 lt
378 1501 408 1558 in
422 1499 552 1581 Aegypto
564 1500 717 1581 Cleopatra
728 1520 789 1560 mm
803 1507 963 1579 gravaretur
981 1488 1057 1560 socio
1075 1504 1176 1579 regni,
1195 1505 1255 1563 lilio

172 1586 351 1658 Ptolemaeo,
371 1587 506 1664 populum
524 1588 553 1645 in
573 1606 637 1646 eum
657 1587 773 1658 incitat,
801 1587 976 1663 abductaque
994 1589 1019 1646 ei
1039 1587 1142 1648 Selene
1159 1609 1254 1663 uxore,

59 1684 64 1689 '
173 1691 208 1731 eo
222 1671 379 1746 indignius,
400 1672 476 1746 quod
488 1690 522 1729 ex
535 1671 636 1730 Selene
650 1673 706 1729 iam
727 1672 798 1729 duos
813 1671 884 1729 lilios
903 1672 1042 1746 babebat,
1064 1672 1190 1733 exsulare
1205 1694 1253 1732 oo·

84 1772 90 1786 *
174 1757 233 1832 pit,
255 1755 388 1812 arcessito
400 1756 506 1813 minore
521 1755 579 1813 filio
589 1755 748 1813 Alexandro
766 1762 796 1814 et
808 1758 875 1832 rege
891 1757 921 1813 in
939 1755 1034 1815 locum'
1040 1756 1132 1814 fratris
1149 1759 1254 1817 cousti-

148 1846 247 1899 ttuto:
268 1857 321 1896 nec
337 1838 423 1897 filiurn
442 1858 529 1915 regno
552 1839 689 1916 expulisse
709 1847 840 1899 contenta
867 1840 939 1899 bello
965 1840 1054 1919 Cypri
1082 1843 1252 1903 exsulantem

172 1925 357 2003 persequitur.
400 1923 485 1984 Unde
497 1923 578 2001 pulso
592 1925 721 1983 interficit
735 1927 831 1983 ducem
844 1927 977 1984 exercitus
992 1926 1051 1998 sui,
1073 1927 1252 2003 quosluivum

171 2027 236 2069 euru
251 2027 269 2068 e
285 2008 411 2067 manibus
427 2009 590 2080 dimisisset,
619 2013 786 2086 quamquam
808 2009 983 2069 Ptolemaeus
1005 2011 1173 2071 uerecundia
1194 2030 1253 2072 ma·

146 2094 245 2154 Sterni
259 2092 322 2151 belli
334 2112 390 2151 non
405 2095 507 2152 viribus
523 2093 613 2152 minor
632 2095 669 2152 ab
682 2094 772 2154 insula
783 2095 951 2155 recessisset.
994 2094 1081 2171 lgitm
1094 2095 1253 2157 Alexander

172 2179 283 2238 territus
297 2177 349 2236 bae
360 2178 455 2237 matris
473 2178 634 2237 crudelitate
646 2184 676 2238 ct
692 2181 755 2258 ipse
768 2178 971 2256 camueliquit,
992 2179 1147 2263 periculoso
1165 2200 1253 2260 regno

145 2263 295 2323 llsecuram
320 2280 352 2320 ac
375 2269 463 2321 tutam
485 2265 570 2320 vitam
592 2269 774 2340 anteponens.
823 2264 972 2342 Cleopatra
990 2283 1056 2323 vero
1076 2265 1195 2336 timens,
1217 2287 1253 2328 ne

171 2349 259 2407 maior
272 2346 344 2404 filius
358 2347 533 2406 Ptolemaeus
553 2348 588 2405 ab
603 2348 742 2424 Cyziceno
757 2349 793 2406 ad
812 2348 1187 2428 reciperandamdegyptum
1203 2371 1252 2410 ars·

171 2432 241 2491 xiliis
258 2431 411 2504 iuvaretm,
434 2431 560 2509 iugentia
582 2431 682 2510 Grypo·
700 2433 800 2491 auxilia
814 2438 844 2491 et
864 2432 986 2493 Selenen
998 2452 1126 2508 uxorem,
1149 2444 1252 2514 nuptu-

133 2521 230 2595 ¹5ranr
242 2515 315 2575 hosti
326 2517 427 2597 prioris
441 2517 546 2593 mariti,
568 2517 666 2589 mittit3
687 2515 928 2601 Alexandrumque
941 2517 1026 2583 filiurn
1037 2536 1089 2598 per
1101 2519 1210 2599 legatos
1223 2522 1252 2580 in

197 2771 258 2835 59.
290 2748 442 2840 ηοίιιζσήι
482 2764 581 2828 notha
597 2766 767 2841 profugerat.

140 2864 143 2869 ·
195 2844 359 2891 mutasses
374 2837 450 2889 redd.
479 2837 543 2889 Mss.
560 2838 660 2907 Bong.=
678 2845 869 2893 sesmarum
884 2840 997 2895 traditu.

154 2946 157 2951 -
195 2907 274 2973 511.
308 2906 483 2959 commotione
496 2922 571 2974 pure.
588 2907 660 2975 cett]
679 2906 868 2977 lixplicendum
886 2915 926 2961 cst
943 2927 1000 2973 cuns
1017 2909 1191 2978 Wopkcosior
1209 2930 1251 2976 eo,

44 3012 48 3019 .
126 2974 197 3047 quod
213 2975 398 3031 exsecrabatur
415 2972 575 3043 parricidas,
599 2975 655 3029 sive
679 2975 741 3031 dum
765 2978 964 3043 exsecrabatur,
987 2978 1110 3031 mandans
1128 2981 1251 3035 ultionem

126 3042 251 3111 suidiis5
274 3058 333 3099 nem
357 3042 466 3097 sudluut
489 3043 560 3099 diras
578 3044 606 3098 e't
628 3053 803 3117 cmsquuutur
826 3047 854 3099 ln
870 3046 962 3099 noxis.
996 3047 1017 3106 lc
1034 3045 1078 3100 [ir.
1097 3049 1252 3102 Gronovius

126 3112 246 3168 coniicito
271 3130 328 3165 curo
345 3128 458 3178 essem,
484 3114 554 3182 quod
572 3114 718 3169 Beneukius
733 3114 768 3169 ad
785 3115 829 3180 X,
843 3116 914 3179 3‚3
936 3116 1099 3170 refutatores
1121 3117 1251 3172 dictiones

18 3232 27 3239 .
126 3181 263 3239 dissimiles
279 3180 380 3237 miscet.-
411 3180 483 3235 Med.
501 3183 532 3234 aa
550 3184 578 3235 in
595 3185 690 3237 obsecr.
730 3216 734 3224 ‚

194 3254 211 3318 S
230 3253 273 3307 12.
307 3250 372 3304 bles.
389 3249 489 3318 Boua:
512 3251 806 3323 impieuuanae'pualto
823 3250 866 3306 val
889 3251 1046 3322 impiumque
1061 3269 1104 3322 μ,
1129 3258 1158 3307 ut
1175 3252 1251 3308 vide-

124 3326 185 3386 tur,
203 3319 361 3391 pronomine
378 3318 501 3373 mulieris.
624 3326 627 3331 '

132 3408 135 3415 '
195 3420 228 3475 c.
244 3420 289 3475 ru.
315 3422 374 3486 er.
409 3423 446 3475 Aa
461 3421 490 3474 a.
507 3422 552 3489 a]
570 3420 635 3474 uss.
653 3406 752 3495 noega
775 3424 809 3477 us
826 3422 869 3490 (a)
885 3429 947 3476 aaa.
962 3423 1038 3476 ar.
1106 3460 1109 3464 .

193 3491 279 3560 eudo]
303 3491 325 3542 l.
344 3488 389 3543 ur.
408 3490 539 3542 (tronum
555 3492 671 3554 senemr
692 3506 723 3544 r.·
736 3490 803 3555 llll,
819 3493 852 3556 2,
871 3495 888 3558 5
909 3493 949 3545 12.
967 3521 1002 3531 -
1032 3492 1073 3544 De
1090 3495 1250 3563 temporibus

125 3562 215 3615 borum
231 3558 395 3633 imperiorum
411 3575 438 3611 v.
455 3557 587 3629 Porphyr.
602 3576 646 3630 ap.
663 3556 761 3615 Euseb.
778 3561 809 3626 1,
827 3576 850 3615 c.
866 3562 918 3625 22,
934 3563 951 3627 S
968 3561 1066 3626 3-5,
1082 3579 1110 3633 p.
1125 3565 1177 3624 117
1190 3580 1251 3635 sqq.

124 3628 189 3697 lm
267 3648 318 3739 ’-·
402 3697 408 3712 ·
542 3693 643 3751 c1or
824 3682 829 3693 '

193 3714 258 3832 ξιξ
290 3696 611 3830 csllllllllltblnlntaet]
638 3734 675 3817 bt
685 3750 761 3818 Caes.
788 3764 818 3818 il.
842 3766 875 3820 C.
893 3765 949 3831 111,
973 3764 1024 3831 49,
1048 3768 1077 3822 3.
1120 3769 1154 3822 10
1171 3768 1249 3823 codd.

125 3834 227 3899 tiron,
255 3834 388 3902 Vincent,
413 3835 511 3898 Goth„
537 3834 621 3888 Pena.
639 3832 682 3902 (bi
699 3832 751 3887 duo
773 3852 894 3906 praepos.
910 3835 1061 3905 omittunt),
1086 3843 1154 3893 vett.
1172 3837 1249 3891 adds

125 3906 263 3968 mridrset,
282 3904 328 3956 sed
347 3920 413 3956 unus
429 3908 526 3956 tanturn
543 3902 626 3970 Boug.

192 3973 353 4040 recessisset]
377 3971 406 4025 tn
422 3971 526 4042 Syrien
549 3988 607 4024 cum
632 3969 749 4027 axmoitu
766 3971 876 4042 triginta
899 3973 1017 4040 millium,
1049 3973 1154 4045 loseph.
1172 3973 1247 4042 Xlll,

124 4042 175 4105 sti
193 4042 253 4178 ἓξ..
267 4043 423 4173 secatur
440 4122 473 4161 ex
489 4062 776 4193 bis'diemtiosnerru't
791 4108 896 4182 loseph.
912 4109 996 4174 xm.
1014 4111 1055 4167 lt
1117 4160 1120 4167 .
