2624 4606
19 234 22 239 ¹
123 182 251 299 ω’
347 214 913 293 ,'-1u-s·r1u1

175 385 211 443 ab
223 381 370 442 Ariarathe
381 383 461 459 regio
473 400 551 440 more
566 381 669 455 misso,
689 382 821 443 curiosius
833 383 919 441 imum
936 385 1065 442 venhem.
1074 387 1255 461 perhactami

133 474 168 528 10
176 468 230 528 ait:
252 472 370 541 caveat,
391 487 422 524 ne
435 466 511 525 aliud
528 465 609 524 telum
623 468 752 524 truncaret
770 487 849 544 quam
862 473 1015 545 mamad·
1031 466 1129 545 Atque
1146 469 1189 528 ita
1200 470 1254 529 nau

174 552 307 631 protectis
323 553 428 610 insidiis
448 557 606 611 sevocatum
625 550 661 608 ab
680 553 774 619 amida
796 552 872 612 velut
888 554 927 611 ad
942 557 1079 612 secretim
1097 571 1253 614 sermonem

174 637 347 714 inspectante
371 642 490 711 utroque
515 635 636 693 exercitu
658 636 803 695 interficit:
835 637 1173 715 regnumcappadociae
1192 644 1253 699 octo

74 780 77 785 ,
173 738 309 780 annorum
319 720 376 781 filio
384 720 513 799 imposito
527 719 681 781 mana
693 721 806 781 nomme
819 722 972 799 additoque
984 723 1013 782 ei
1025 723 1254 783 rectoreGordio

72 948 77 953 ,
147 898 163 950 1
256 888 290 946 lh
312 889 372 950 Sed
392 888 577 966 Cappadoces
591 888 752 949 crudelitate
768 907 801 947 ac
820 888 935 951 libidine
947 891 1152 968 praefectorum
1163 893 1255 955 vexati

57 1014 60 1018 -
171 992 190 1047 a
206 973 370 1035 Mithridate
385 973 530 1043 deficiunt·;
550 974 719 1050 fratremque
741 975 829 1051 regis,
850 981 880 1034 et
899 977 988 1053 ipsum
1006 975 1183 1036 Ariarathem
1201 996 1253 1037 uo-

145 1058 261 1131 enine,
277 1058 314 1117 ab
330 1056 418 1130 Asia,
446 1057 493 1115 ubi
515 1056 708 1131 educabatur,
732 1065 885 1125 revocant:
915 1079 976 1119 cum
997 1079 1054 1136 qno
1074 1059 1251 1121 Mithridates

170 1142 304 1221 proelium
322 1146 437 1211 renovat
451 1142 606 1218 victumque
618 1142 814 1220 Cappadociae
827 1163 916 1218 regno
927 1144 1045 1222 expellit.
1087 1144 1151 1205 Nec
1165 1145 1250 1205 mrrltu

62 1280 66 1287 ,
144 1231 236 1306 8post
252 1227 412 1289 adolescens
423 1245 458 1294 es
472 1227 644 1302 aegritudine
654 1226 766 1287 collecta
776 1228 935 1289 infirmitate
948 1230 1068 1289 decedit.
1088 1229 1161 1289 Post
1171 1229 1249 1289 huius

169 1317 286 1371 mortem
300 1310 467 1372 Nicomedes
486 1312 603 1384 timens,
624 1310 852 1372 neMithridates
872 1314 1030 1373 accesdone
1051 1313 1250 1393 Cappadociae

170 1398 252 1456 etiam
265 1396 424 1473 Bithyniam
433 1396 574 1455 finitimam
588 1397 747 1470 invaderet,
771 1398 905 1457 subornat
918 1416 1034 1474 puerum
1052 1400 1171 1459 eximiae
1188 1398 1249 1478 pul·

125 1498 127 1503 ·
168 1480 346 1554 claritudinis,
368 1481 449 1558 quasi
459 1479 616 1551 Ariarathes
629 1486 706 1556 tres,
727 1500 784 1539 non
805 1483 877 1540 duos
898 1483 970 1541 filios
986 1484 1146 1558 genuisset,
1166 1485 1246 1560 quia

143 1564 264 1641 tseuatu
280 1565 408 1624 Romano
427 1572 570 1643 paternum
586 1585 701 1642 reguum
715 1573 834 1644 peteret.
877 1567 1001 1627 Uxorem
1018 1587 1131 1649 quoque
1141 1566 1254 1633 Laudi,

168 1669 219 1709 cen
231 1650 349 1708 Romam
367 1651 451 1709 mittit
468 1652 505 1708 ad
526 1650 712 1708 testimoniam
738 1651 820 1709 trium
841 1671 875 1711 ex
893 1650 1038 1712 Ariarathe
1053 1658 1252 1728 susceptorum.

141 1734 293 1793 5filiorum.
337 1735 422 1802 Quod
437 1735 484 1792 ubi
501 1733 676 1792 Mithridates
695 1736 839 1811 cognovit,
868 1737 975 1816 etipse
995 1737 1244 1815 pariimpudentia

168 1818 305 1876 Gordium
323 1819 442 1879 Romam
460 1819 559 1890 mittit,
581 1818 628 1897 qui
646 1816 753 1877 senatui
769 1821 912 1881 adsereret
927 1840 1058 1901 puerum,
1078 1824 1127 1879 coi
1137 1821 1243 1898 Cappa-

166 1902 259 1961 maiae
275 1900 391 1977 reguum
407 1901 572 1975 tradiderat,
589 1922 623 1961 ac
638 1921 669 1961 ec
679 1901 824 1962 Ariarathe
836 1909 969 1981 genitam,
987 1909 1035 1984 qui
1051 1905 1118 1964 bello
1137 1907 1242 1965 Aristo·

141 1990 223 2046 bairi
243 1987 352 2046 auxilia
372 1987 502 2047 liemarus
519 1986 612 2065 serem
632 1986 774 2045 oeddirset.
817 1989 875 2049 Sed
897 1996 1008 2049 senatus
1030 1990 1123 2049 studio
1144 2009 1242 2066 regum

165 2071 328 2146 intellecto,
352 2072 442 2134 aliena
457 2092 545 2149 regna
564 2072 639 2130 falsis
659 2073 815 2145 nominibus
833 2075 1007 2147 furantium,
1038 2081 1066 2134 et
1077 2073 1242 2135 «Mithridati

165 2156 373 2236 Cappadociam
395 2164 424 2218 et
446 2157 592 2217 Nicomedi
610 2156 646 2215 ad
666 2156 792 2221 solatium
811 2158 870 2218 eius
891 2158 1109 2239 Paphlagoniam
1128 2152 1241 2219 ademit.

70 2285 82 2295 .
139 2240 205 2301 rac
225 2262 261 2301 ne
284 2242 448 2303 contumelia
468 2261 565 2318 regum
584 2243 657 2301 foret
674 2243 814 2301 ademtam
839 2243 906 2319 illis,
935 2245 1011 2320 quod
1034 2244 1151 2307 ducetur
1172 2243 1241 2317 aliis¹

139 2331 280 2404 butcrque
291 2326 410 2405 popalus
421 2326 550 2387 libertate
565 2327 684 2386 domur
697 2331 749 2386 est
776 2326 835 2387 sed
848 2327 1031 2409 Cappadoces
1042 2347 1143 2422 munus
1157 2326 1239 2388 liber·

188 2578 264 2650 regio
283 2577 370 2646 more]
389 2576 422 2630 V.
439 2577 563 2632 Bernecc.

187 2651 204 2713 5
225 2652 265 2701 10.
299 2647 462 2714 reuocatum]
488 2648 534 2699 Sic
550 2650 610 2715 post
626 2644 648 2698 1.
664 2645 710 2698 Fr.
727 2645 887 2700 Gronovium
903 2646 1051 2711 Graevius,
1068 2653 1238 2711 utnecessa·

118 2715 158 2769 rlo
175 2715 357 2769 emendandum
375 2722 442 2767 erat.
476 2714 536 2771 Vid.
554 2714 654 2767 Graes.
687 2714 815 2771 Viderunt
839 2715 889 2769 ianr
916 2716 1031 2773 editores
1053 2715 1245 2787 antiquissimi..

117 2784 201 2867 Boug.
220 2791 246 2835 et
264 2783 340 2866 codd.
356 2782 472 2905 plurimi:
490 2791 640 2845 evocatumr
656 2783 769 2867 uoupalli
784 2783 883 2866 Bcpg.=
899 2794 1028 2869 vocaturn.
1044 2853 1050 2868 Ι
1215 2853 1223 2868 ·

186 2853 327 2934 tatcrficpt]
343 2859 476 2919 eegauter
488 2861 520 2970 pt,
536 2868 568 2905 ex
586 2867 633 2904 usu
650 2850 919 2978 ¹1⁰⁸‘·¹⁰¹'.¹⁴⁰3'‘¹g;},d
930 2857 1078 2956 antefieret,
1098 2852 1239 2977 ‘Qum'

115 2922 472 3055 turbattale?
485 2936 813 3057 saturatam
830 2958 943 3059 aaa?
960 2940 1005 2993 ‘⁸
1010 2938 1133 2992 omno
1146 2940 1179 2983 ³¹
1197 2939 1239 2979 ⁶²¹

185 3055 216 3112 C.
236 3056 271 3110 11.
305 3056 380 3115 Haec
397 3075 501 3128 quoque
518 3059 551 3115 ab
568 3054 626 3111 aliis
649 3075 700 3111 nou
718 3067 862 3112 narrantur.
896 3058 938 3112 De
953 3058 1084 3128 legatione
1100 3058 1239 3131 uniusque

86 3124 194 3266 affl}
204 3126 266 3267 ΕΙ).
284 3127 401 3183 Gracchi
420 3129 516 3185 dictum
538 3144 582 3197 ap.
600 3126 715 3181 Gellium
731 3126 786 3192 lll¹
804 3131 846 3185 tu
881 3129 925 3184 Cf.
943 3128 1127 3263 Woltersdort.
1145 3146 1241 3193 mn,

182 3268 199 3332 §
216 3267 243 3321 3.
278 3267 427 3320 accessione
440 3265 535 3335 Cepp]
561 3264 701 3319 Heinsiust
719 3265 901 3330 waimero,
915 3265 943 3319 *i-
961 3284 1003 3331 a,
1018 3273 1051 3321 ut
1064 3263 1087 3321 I.
1101 3263 1148 3319 Fr.
1165 3264 1237 3319 Gau-

68 3378 71 3383 .
113 3350 172 3388 nov.
190 3333 356 3405 coniecerat,
372 3337 443 3388 uelut
459 3335 636 3388 arcedonem.
794 3372 797 3377 -
1064 3376 1071 3384 .

62 3411 67 3422 ’
181 3403 241 3487 §.4⁸
269 3404 406 3477 filiorum]
436 3405 518 3457 hbeat
540 3421 558 3459 a
579 3419 639 3461 msa
656 3401 801 3473 Bongars„
823 3403 883 3458 coll.
901 3403 933 3460 C.
951 3404 984 3457 C.
1005 3431 1042 3442 -
1066 3401 1234 3456 Gronoviuss

113 3472 256 3607 magog?
275 3541 423 3608 moneat]
447 3539 493 3591 Sic
510 3539 592 3606 Bong.
611 3558 628 3594 e
650 3536 798 3591 melioribus
818 3515 874 3591 ¹sais
897 3544 925 3592 et
941 3537 1001 3592 edd.
1018 3544 1100 3602 setta
1129 3536 1165 3592 de
1179 3554 1234 3608 quo

111 3607 205 3675 dubius
222 3609 307 3663 adhuc
324 3609 450 3662 haerebat
467 3608 627 3677 Wopkens,
649 3606 697 3659 sed
710 3607 790 3676 plene
807 3607 953 3661 vindicavit
968 3608 1104 3690 Dresigius
1121 3607 1151 3661 in'
1167 3609 1234 3675 Epi·

110 3679 179 3732 nola
196 3694 221 3746 p.
237 3677 287 3732 701
306 3694 318 3729 s
357 3716 364 3730 .
382 3677 467 3732 iued.
485 3677 616 3730 Fischeria
641 3692 709 3745 quae
731 3676 798 3729 adde
815 3693 897 3730 novae
914 3677 956 3729 ed.
974 3676 1065 3729 Leuior
1082 3676 1235 3731 Farcelliuii

110 3762 130 3798 s.
148 3763 175 3798 r.
192 3762 218 3815 p.
236 3747 296 3800 256.
356 3747 416 3815 algo
434 3745 530 3815 legitur
548 3763 581 3797 ex
599 3744 697 3813 aliquot
714 3743 818 3812 Bong.‚
835 3748 852 3799 7
869 3747 970 3809 Gran,
987 3746 1104 3799 omuibus
1121 3746 1232 3815 Woptcj

108 3814 210 3937 mm,
224 3815 321 3872 actua
338 3816 492 3877 adorsam
517 3814 567 3867 ssd
588 3814 657 3867 hunc
678 3814 824 3883 praesentis
845 3815 1034 3871 coniunctium
1049 3814 1154 3884 respuit
1169 3830 1234 3869 usus

177 3954 240 4021 §62
274 3952 311 4004 od
327 3952 449 4005 solatium
466 3952 509 4019 ei]
533 3949 579 4003 Sic
602 3947 729 4018 Bongars.
746 3949 803 4003 sine
819 3967 845 4004 r,
862 3952 897 4014 1.‚
922 3951 997 4011 multi
1016 3950 1095 4005 codd.
1118 3955 1149 4006 ot
1170 3951 1234 4007 edd.

108 4035 212 4084 omnes,
235 4017 319 4077 donec
335 4020 454 4081 Gronov.
472 4022 523 4080 ο]
539 4017 593 4073 suis
617 4018 659 4086 (et
678 4019 774 4086 Goth.)
798 4021 835 4073 ad
851 4022 950 4075 solatio
965 4021 1078 4075 ert-rece
1096 4020 1135 4085 it,
1160 4020 1233 4092 quod

107 4087 168 4160 huic
184 4086 242 4142 loco
259 4104 309 4141 uon
325 4087 391 4142 satis
408 4093 496 4159 aptum
513 4095 569 4152 est,
591 4086 679 4156 aptius
695 4085 723 4141 lu
739 4086 798 4143 aliis
814 4089 884 4158 apud
900 4088 1009 4149 eundern
1025 4105 1052 4159 p·
1122 4127 1132 4147 .
1232 4120 1235 4125 ·
