2624 4606
83 217 148 279 m
444 207 458 269 l
500 206 529 268 U
570 207 592 266 S
634 205 663 268 T
704 206 719 266 l
759 204 790 268 N
831 207 844 269 l

333 313 339 341 ,
1198 320 1201 326 .

102 363 288 445 ageneseos
329 359 595 436 Mittuntur-itaque
615 357 717 436 legati,
738 360 786 436 qui
799 356 934 419 Antiocho
954 366 985 421 et
1007 359 1142 442 Philippo
1157 363 1203 424 de·

102 450 271 510 dnuntient:
291 465 373 522 regno
390 445 509 524 Aegypti
527 445 684 522 obstineant.
725 444 847 504 Mittitur
860 450 889 504 et
905 444 945 503 tn
956 445 1085 524 Lepidus
1105 449 1137 505 in
1151 444 1204 507 Ae·

103 539 262 612 ogyptum,
284 533 332 610 qui
342 533 446 589 tutorio
459 530 570 588 nomine
587 549 704 606 regnum
719 529 815 608 pupilli
830 530 1013 590 administret.
1047 530 1126 589 Dum
1140 531 1204 591 lasea

51 656 57 667 -
128 622 267 694 aguntur,
288 616 395 674 interim
408 615 561 690 legationes
578 614 663 673 Anni
682 616 756 690 regis
773 618 804 673 et
820 614 992 673 Rhodiorum
1006 615 1121 674 iniurias
1142 613 1206 674 Phi·

128 701 199 780 lippi
220 705 366 776 querentes
386 700 505 758 Romam
527 704 670 758 veuerunt„
713 699 857 767 Quaeres
878 717 988 767 omnem
1004 699 1205 759 cunctationem
1284 739 1287 745 ·

105 785 303 846 dhlacedonici
316 783 381 843 belli
399 782 506 842 senatui
519 784 629 841 exemit.
671 782 771 841 Statim
793 783 877 858 igitur
897 783 976 841 titulo
996 784 1108 842 terendi
1128 783 1205 843 sociis

130 867 223 929 anxilii
243 867 344 927 bellum
360 864 491 927 adversus
506 867 662 946 Philippum
679 867 849 940 decernitur,
870 865 1049 944 legionesque
1064 887 1127 926 cum
1141 884 1206 927 con·

78 956 83 966 ’
106 954 189 1015 7sule
202 955 232 1010 in
243 952 435 1012 Macedoniarn
451 952 604 1010 mittuntur.
646 949 708 1010 Nec
722 951 810 1010 multo
823 957 890 1028 post
909 959 1034 1028 ternpore
1046 956 1109 1009 tota
1119 951 1207 1012 Grae·

127 1040 175 1117 ¹eia
195 1037 295 1096 lidnnia
311 1037 515 1115 Romanorum,
536 1037 666 1095 adversos
681 1035 839 1114 Philippum
856 1055 908 1113 spe
927 1037 1062 1114 pristinae
1075 1036 1207 1099 libertatis

54 1181 58 1186 ,
134 1126 246 1195 erecta,
270 1119 418 1179 bellumei
437 1120 545 1178 intulitc
570 1127 658 1196 atque
678 1120 719 1178 ita
740 1139 801 1180 mm
820 1138 868 1178 rex
889 1122 1011 1198 undique
1037 1126 1208 1198 urgueretur,

109 1213 231 1286 8pacem
247 1210 344 1282 petere
355 1204 534 1282 compellitur,
575 1204 687 1263 Deinde
705 1223 767 1263 cnm
784 1205 928 1281 expositae
942 1205 1119 1272 conditiones
1135 1205 1208 1284 pacis
1263 1279 1266 1285 .

27 1295 38 1315 ⁸
63 1309 65 1314 ·
134 1288 301 1357 aRornanis
312 1295 430 1362 esseut,
452 1294 578 1368 repetere
599 1307 649 1347 sua
670 1295 700 1347 et
718 1288 827 1347 Attalns
846 1294 884 1347 et·
895 1287 997 1348 Rhodii
1016 1294 1046 1346 et
1060 1287 1167 1348 Achaei
1183 1292 1210 1348 et

1 1368 3 1373 ’
109 1371 224 1433 9hetoli
236 1392 362 1452 coepere
407 1373 513 1431 Contra
530 1372 673 1452 Philippus
693 1372 794 1432 adduct
811 1391 837 1429 re
851 1392 941 1449 parre,
962 1379 993 1431 ut
1008 1371 1144 1432 namma
1162 1391 1210 1450 pa·

12 1455 17 1464 “
122 1461 211 1529 -reat,
233 1457 418 1528 concedebat;
440 1463 549 1525 ceterum
563 1457 705 1534 indignum
724 1477 778 1516 erre
793 1458 907 1515 Graecos
920 1479 938 1515 o
950 1457 1076 1533 Philippo
1090 1462 1117 1514 et
1130 1457 1210 1516 Alec-

29 1579 31 1587 ·
60 1548 63 1557 '
136 1540 221 1601 andra
237 1542 379 1598 malachus
394 1544 450 1599 suis
467 1546 551 1600 victos
565 1548 590 1599 et
604 1543 653 1600 rab
665 1545 760 1618 iugum
775 1538 945 1600 Macedonici
958 1545 1063 1620 imperit
1084 1542 1213 1615 mlactor,

137 1626 224 1684 edati
240 1628 367 1698 uictores,
386 1626 455 1700 leger
464 1629 542 1702 poctr
557 1627 610 1685 ribi
623 1627 724 1701 dicere,
746 1627 840 1703 quibas
856 1631 931 1704 prins
945 1629 981 1685 sr't
995 1628 1213 1684 sanitatis-rotie

98 1709 269 1769 toreddmda
291 1729 370 1786 qnam
392 1710 499 1766 libertos
517 1711 688 1768 benedicendo.
730 1710 775 1768 hd
794 1719 962 1787 postremum
983 1718 1078 1770 tamen
1102 1716 1214 1788 petente

140 1813 174 1854 eo
186 1794 312 1851 induciae
327 1795 444 1852 duorum
458 1796 592 1852 mensium
606 1797 703 1867 datae,
725 1791 839 1872 ut'pax,
852 1799 966 1871 quaein
980 1795 1148 1855 Macedonia
1160 1812 1214 1853 non

142 1878 338 1950 eonveniebat,
360 1878 466 1936 Romae
482 1897 499 1934 a
514 1884 611 1937 senatu
625 1883 774 1955 peteretur.
1061 1870 1065 1881 '

117 1968 131 2020 1
226 1959 273 2018 lV.
293 1960 409 2023 Eodem,
423 1981 495 2021 anno
516 1963 589 2021 inter
608 1962 709 2020 insulas
732 1961 866 2038 Theron*
887 1969 915 2022 et
935 1962 1098 2023 'lberasiam
1125 1963 1215 2027 medio

116 2044 288 2122 tutriusque
302 2047 379 2125 ripae
394 2051 423 2106 et
433 2047 516 2104 maris
531 2049 620 2127 spatio
635 2054 725 2107 terrae
739 2055 831 2107 motus
846 2049 911 2107 suit:
933 2050 962 2106 in
980 2068 1037 2126 quo
1053 2067 1116 2106 cum
1129 2047 1216 2107 adrni-

206 2169 221 2205 *
245 2166 428 2233 Theramenem

102 2300 309 2313 ....-..-.----

143 2424 146 2429 ι
171 2357 231 2424 §b
266 2359 298 2414 V.
316 2357 404 2411 Valet.
421 2356 492 2409 Max.
511 2356 563 2420 Vl,
582 2358 614 2420 6,
632 2359 646 2409 1
665 2361 693 2410 et
710 2371 779 2432 qaae
794 2352 892 2409 addunt
909 2354 935 2408 h.
950 2354 968 2410 l.
985 2353 1090 2408 Medius
1110 2336 1139 2409 et
1155 2323 1219 2407 ller-
1310 2391 1311 2394 ,

90 2442 236 2561 Μοθὲωέ..
268 2494 430 2562 legionesque
447 2510 503 2544 oum
521 2492 638 2557 comate]
656 2492 702 2543 Sic
719 2494 736 2547 2
754 2493 854 2560 Bong.;
872 2490 934 2561 quid
951 2492 979 2544 in
997 2489 1221 2544 Gronoviauisle·

104 2569 198 2635 gatar,
222 2562 344 2629 ignotum.
379 2560 482 2628 Reliqui
506 2559 603 2626 sange
630 2561 821 2629 legationesque
844 2578 900 2612 cum
925 2561 1114 2614 conditionibus
1135 2561 1223 2630 pocior

106 2633 152 2702 qui
169 2647 242 2683 error
259 2627 382 2697 quomodo
400 2634 472 2679 ortus
490 2627 585 2690 luerit,
603 2644 628 2678 v.
647 2643 689 2696 ap.
706 2628 790 2695 Bong.
827 2629 918 2696 Prag.=
937 2631 1100 2699 legionesque
1119 2636 1145 2682 et
1164 2647 1223 2681 coa·
1311 2623 1312 2627 ¹

107 2703 193 2760 scriem·
226 2698 315 2748 Grae:
343 2699 424 2763 legat.
442 2703 469 2748 et
486 2698 599 2748 consules
616 2712 672 2747 oum
694 2697 841 2749 condicione
856 2699 951 2766 pacise
986 2702 1129 2750 extremum
1147 2697 1223 2751 etiam

36 2815 40 2820 .
108 2767 166 2822 ooll.
184 2767 216 2817 O.
235 2765 265 2814 C.
300 2764 330 2815 ln
347 2764 429 2814 Goth.
448 2763 520 2814 locus
540 2763 646 2816 omissus
664 2770 729 2817 erat.

178 2831 294 2897 consule]
314 2831 344 2882 Ρ.
356 2829 479 2897 'Sulpicio
497 2832 592 2883 Galba.
688 2887 693 2897 ¹

138 2918 146 2928 ‘
177 2903 236 2967 §a
270 2899 342 2966 Lego
358 2899 458 2951 Livium
475 2898 593 2962 XXXII,
610 2901 646 2954 32
662 2918 719 2970 sqq.
753 2899 834 2955 Errat
856 2901 968 2956 Wetzelr
987 2899 1021 2955 ad
1044 2901 1167 2975 5210.
1192 2927 1226 2942 -

11 2982 21 3007 ·'
95 2969 174 3026 ‘Mas
193 2970 289 3035 Bong.:
310 2968 416 3019 Dehinc.

21 3089 23 3096 ¹
73 3053 75 3057 ⁴
150 3040 238 3103 .§9.
273 3035 452 3089 Animadverte
470 3052 544 3104 quam
561 3052 643 3088 renus
659 3035 695 3090 sit
711 3035 799 3090 rhetor
816 3037 909 3090 collato
928 3036 983 3091 hir.
1002 3056 1025 3095 c.
1043 3036 1085 3093 54.

180 3111 256 3172 510.
292 3105 416 3171 duorum]
435 3104 491 3159 niv.
508 3104 552 3163 36.
876 3151 877 3155 ,

179 3176 211 3230 c.
228 3174 273 3226 lv.
292 3175 346 3240 §1-
380 3174 479 3226 Eodem
496 3174 575 3237 anno]
595 3170 773 3226 Diversissime
790 3173 840 3226 hoc
856 3175 890 3226 ab
907 3174 966 3227 aliis
983 3173 1111 3227 traditura
1128 3172 1228 3228 Eureb.

114 3252 141 3296 et
156 3242 321 3310 Hieronym:
340 3241 382 3294 Ol.
402 3243 468 3304 139,
488 3245 501 3296 1
526 3240 568 3292 vel
585 3241 619 3292 U.
639 3257 660 3293 e
680 3243 750 3297 531.-
768 3243 862 3312 quibus
881 3243 1013 3309 Polybium
1031 3260 1080 3295 non
1097 3242 1163 3296 hene
1182 3241 1229 3295 ad-

113 3311 176 3364 iecit
192 3311 351 3372 Wetzelins3
383 3309 416 3360 de
433 3309 545 3361 Diodoro
564 3311 640 3362 etiam
658 3326 699 3362 res
715 3311 829 3371 interta3
853 3327 877 3360 v.
896 3312 1052 3379 Wesseling.
1068 3310 1102 3362 ll.

113 3379 213 3433 Plinius
231 3378 272 3443 ll,
291 3380 340 3431 87:
368 3378 438 3430 luter
456 3379 584 3445 Cycladas
604 3379 764 3446 Olympiadis
781 3379 906 3431 CXXXV
920 3397 987 3432 anno
1010 3387 1102 3448 quarto
1121 3327 1231 3447 denatae

115 3449 187 3514 sunt)
207 3448 293 3498 Thera
310 3453 336 3498 et
356 3447 481 3497 Therasia
499 3444 586 3512 (quod
604 3447 694 3499 salsum
714 3462 771 3498 esse
788 3448 852 3498 satis
870 3448 983 3500 ostendit
1004 3447 1129 3500 Haeduin.
1147 3447 1176 3497 in
1194 3447 1231 3503 N.

116 3526 143 3570 et
161 3516 215 3567 [lm
233 3515 281 3567 Nr.
299 3514 356 3581 73).
391 3515 462 3566 luter
478 3515 581 3565 caedem
595 3522 655 3582 port
672 3531 753 3566 annos
772 3516 870 3566 CXXX
883 3517 990 3568 Hiera
1008 3518 1060 3583 (sic
1077 3515 1153 3568 etiarn
1170 3517 1232 3568 Am·

116 3585 191 3637 mian.
211 3583 291 3635 Marc.
309 3581 400 3643 xvn,
421 3584 469 3643 16,
486 3582 598 3634 Pausan.
617 3581 696 3646 Vlll,
713 3583 748 3638 33
765 3590 832 3633 extr.
849 3583 898 3646 al.)
923 3585 1061 3653 eademqne
1077 3587 1233 3638 Automate:

34 3672 39 3679 ’
117 3654 164 3704 sed
185 3653 249 3703 haec
265 3651 320 3704 sine
345 3648 421 3702 dublo
439 3657 560 3718 corrupta
584 3656 650 3703 sunt.
687 3649 762 3712 Quae
780 3668 795 3702 a
813 3653 922 3714 ceteris,
941 3653 1092 3719 praesertim
1110 3651 1233 3719 Polybio,

29 3743 32 3747 ’
118 3727 272 3783 narrantur,
296 3718 444 3786 conspirant
461 3717 488 3770 in
505 3735 597 3771 annum
614 3719 769 3782 new,
788 3736 811 3773 a.
830 3719 861 3772 0.
880 3721 946 3783 2253
975 3738 999 3772 v.
1018 3720 1235 3798 Schweighaeps.

119 3787 152 3839 ad
171 3788 260 3854 Polyb.
279 3789 312 3854 V,
331 3805 353 3838 c.
374 3790 423 3850 883
454 3787 610 3855 wesseling.
634 3786 668 3839 ad
691 3786 800 3839 Simsoni
827 3789 923 3840 Chron-
941 3806 965 3857 p.
986 3791 1060 3844 1203.
1097 3788 1236 3858 Epitoma-

119 3853 184 3907 toris
201 3864 286 3906 tamen
303 3872 414 3908 errorem
432 3855 541 3908 hicnon
565 3871 621 3908 essa
646 3871 660 3906 a
682 3862 756 3924 paret
775 3861 802 3908 et
819 3872 851 3909 ex
868 3874 897 3908 re
914 3862 941 3908 et
960 3856 1102 3910 annotatis
1120 3858 1154 3909 ad
1173 3860 1196 3921 §⁴
1210 3858 1236 3911 4.

192 3923 390 3990 theramenem]
413 3925 511 3991 Bong.‚
528 3924 603 3975 Vinc.
620 3872 701 3986 Bal,
719 3924 816 3989 Goon,
835 3924 928 3993 Prag.‚
946 3925 1023 3978 Grac.
1039 3933 1065 3977 et
1083 3924 1164 3977 ueteri
1177 3926 1238 3979 sins

11 4055 21 4065 μ
121 3989 198 4042 dubio
213 4006 312 4051 omnes,
329 3999 359 4043 ut
376 3992 434 4044 edd.
453 3999 535 4055 vetar
560 3992 674 4044 nonnulli
692 3987 788 4060 hange
815 3993 1003 4045 lberemenem.
1044 3993 1167 4046 Correxit
1184 3995 1238 4048 iem

58 4082 68 4095 =
122 4060 281 4122 Glareanus,
300 4058 392 4145 deinde
410 4060 461 4113 alii.
495 4060 566 4113 ldam
582 4059 671 4114 vitium
689 4076 770 4132 supra
787 4060 867 4126 Xlll,
884 4064 917 4126 7,
933 4064 986 4128 §2
1011 4061 1150 4115 tollendum
1168 4074 1237 4117 erat.

1142 3346 1148 3358 .
1167 3312 1236 3367 51&
1287 3337 1302 3345 ··
