2624 4606
266 276 272 301 ι
330 256 339 265 ·
382 214 982 334 πιεΤοιι·ιιΒ.η.ὀΛΡ..1.-
1168 238 1238 327 eoo

85 463 88 468 .
112 406 272 493 profugit,
293 408 441 488 belloque
460 427 519 488 per
541 409 707 472 Gabinium
729 415 820 489 gesto
836 412 954 491 recepit
974 409 1154 491 imperiums
1176 432 1237 492 quo

110 498 237 557 mortuo
258 495 410 556 successit
430 493 571 571 filius⁹)r
594 494 741 573 qai-cum
762 514 874 557 sorore
887 496 1053 574 Cleopatra
1068 499 1237 559 certamine

110 580 268 658 insumpto
283 577 328 658 l⁰)
350 584 382 639 et
403 578 583 658 Pompeium
612 579 760 656 Megnnm
790 579 951 643 interfecit
975 585 1006 640 et
1028 580 1237 643 beiiunrcurn

112 665 249 725 Caesare
282 663 493 724 Alexandriae
507 661 549 744 11)
579 664 691 740 gessit.
736 665 781 731 Ut
810 665 962 726 successit
986 663 1052 724 eius
1067 683 1166 748 ‘soror
1186 685 1237 726 re-

110 766 189 826 gno,
211 747 399 826 Cleopatra:
429 766 508 825 quae
536 747 658 827 illigato
687 747 720 808 in
750 767 887 809 emerem
917 746 1005 810 suuni
1033 748 1077 811 Μ.
1101 750 1236 811 Antonio

110 832 188 895 beili
211 831 329 897 Actiaci
351 834 415 894 fine
437 831 586 893 exstinxit
606 836 737 912 regnum
749 828 795 918 12)
814 832 1064 897 Ptolemaeorum
1073 831 1126 916 13).

108 1048 211 1104 Deinde
222 1046 305 1105 ,codd
323 1064 409 1101 omnes
427 1052 532 1117 prester
548 1046 858 1105 Perinr'Aicxoodrene.
877 1047 999 1103 Modiuss
1017 1069 1035 1104 o
1059 1049 1139 1104 ’totns
1154 1050 1234 1104 Alen-

109 1120 207 1174 andria
225 1120 342 1171 Romam.
360 1145 393 1154 -
419 1116 496 1181 Quod
513 1116 562 1169 iam
578 1119 740 1189 percurritur
757 1119 888 1173 dimidium
906 1119 1036 1173 saeculis
1072 1136 1096 1172 n.
1114 1119 1230 1177 81—31

109 1205 133 1241 a.
153 1187 184 1239 C.
202 1186 306 1239 summis
331 1185 531 1239 difficultatibus
552 1182 702 1255 impeditum
728 1192 784 1252 est,
812 1187 877 1241 adeo
895 1197 924 1240 ut
947 1205 981 1239 nc
1005 1189 1234 1257 censura'quidem

109 1272 195 1309 rerum
213 1272 246 1308 ex
263 1256 331 1307 aliis·
345 1254 515 1324 scriptoribus
535 1254 682 1309 concinnari
707 1256 733 1308 h.
752 1257 768 1308 Ι.
786 1256 882 1325 possit:
913 1274 938 1308 v.
958 1256 1059 1310 interim
1076 1256 1097 1311 1.
1116 1256 1149 1310 R.
1167 1256 1234 1311 For-

65 1350 69 1354 <
108 1324 174 1378 steri
191 1332 323 1380 comment.
342 1325 375 1376 dc
398 1324 580 1376 suecessoribus
598 1323 668 1376 Ptol.
690 1325 746 1377 Vn.
764 1325 792 1377 in
816 1327 912 1378 comm.
937 1327 996 1378 Soc.
1015 1328 1089 1378 Gott.
1110 1326 1166 1378 Vol.
1185 1325 1232 1378 111.

91 1401 138 1446 *et
159 1392 360 1461 champollionis
384 1392 492 1460 Figeaci
509 1393 624 1443 Annales
641 1393 687 1445 des
705 1395 822 1460 Lapides
846 1394 905 1446 Vol.
923 1394 959 1449 11.
983 1411 1009 1462 p.
1027 1397 1127 1464 seseq
1147 1430 1154 1445 .
1189 1394 1233 1447 Ex

107 1463 170 1515 filiis
186 1461 295 1515 Lstburi
312 1461 378 1514 ulter
397 1461 560 1513 Ptolemaeus
578 1476 651 1535 cogn.
671 1461 800 1531 Cyprius,-
817 1461 884 1517 elter
901 1464 970 1516 Ptol.
990 1466 1104 1519 Auletes.
1128 1413 1233 1534 dyprm

93 1531 244 1632 ¹provipcia
261 1532 333 1582 fecte
350 1549 374 1582 a.
391 1531 434 1612 ⁵⁷:
473 1529 613 1590 Gabinius,
625 1531 780 1650 precinctus
798 1531 893 1602 Syriae
910 1549 934 1586 u.
951 1529 995 1586 54.
1043 1554 1046 1559 ·

176 1601 216 1736 1ίέ)
222 1599 384 1720 Pstidedddeds
391 1599 487 1720 olddddd
488 1613 549 1717 sedisse
565 1599 692 1736 didono.
726 1666 860 1722 Freiusb.r
878 1675 997 1737 sumptos
1020 1669 1160 1722 Grauertr
1176 1684 1232 1722 sor-

96 1737 730 1879 fitosl)(ddiacc'uddldedddidd‘dtes‘td'detrcodndreue'
759 1791 763 1801 ⁸
916 1855 919 1859 ,
1026 1842 1037 1853 ..

176 1875 215 1939 ¹²)
234 1873 279 1925 Sic
296 1874 359 1927 Vct.
377 1876 412 1937 2,
435 1875 512 1926 Creo.
549 1871 656 1925 Ceteris
678 1888 777 1943 regem.
810 1872 878 1929 illud
896 1872 947 1942 ism
964 1872 1049 1942 Bong.
1067 1878 1230 1943 reposuerat.

177 1943 214 2010 ¹⁸)
232 1943 278 1994 Sic
295 1943 355 1994 Vnt.
372 1945 406 2005 23
424 1949 505 2003 vett,
523 1941 614 2009 croc:
635 1938 863 2006 Ptolomeicororn,
892 1943 960 2012 quod
978 1942 1045 1996 idem
1063 1949 1104 1995 est
1121 1941 1147 1994 in
1164 1940 1230 1994 scri-
1265 1950 1269 1955 '

108 2015 188 2082 ptura
211 2011 422 2081 Lougobordicor
455 2024 514 2062 uem
540 2011 578 2060 cio
595 2014 633 2072 st·
653 2026 686 2061 oe
707 2010 758 2063 sibi
780 2011 916 2066 simillima.
952 2012 1071 2064 Modiuss
1089 2010 1230 2064 Ptolemai-

108 2098 204 2136 Μ.
392 2100 395 2105 .

563 2246 771 2257 ——n-m-——n

222 2354 587 2437 cenomannum
610 2328 880 2435 surronns
904 2367 1126 2453 rusrrnr

290 2471 294 2475 ·
420 2474 701 2537 saconnun
728 2474 912 2535 cruror

145 2617 172 2676 1.
195 2611 264 2690 Syri
285 2609 430 2685 Tigranen
451 2611 603 2670 Armenion
623 2628 708 2687 regens
729 2611 782 2670 sibi
801 2609 931 2689 deligant.
1062 2632 1066 2638 ·

138 2700 172 2760 2!
193 2697 269 2754 Victo
296 2695 417 2772 Tigrane
444 2696 605 2771 Antiochus,
636 2695 762 2774 Gyrioem
778 2697 876 2775 filios,
909 2700 1015 2754 mentor
1042 2708 1089 2751 ren·
1117 2689 1226 2773 Syrius,
1286 2752 1301 2769 ..

193 2800 261 2859 qnae
274 2786 368 2859 postea
387 2784 416 2840 in
432 2785 586 2860 provinciae
607 2780 726 2858 smmum
746 2782 888 2860 redigitur.

104 3063 107 3067 ’
190 3070 213 3130 1.
226 3044 355 3131 'Mutus
376 3048 490 3130 fratrum
511 3072 581 3131 odiis
600 3079 629 3132 et
646 3060 711 3131 mox
723 3071 785 3131 filiis
800 3068 946 3129 inimicitiis
957 3071 1105 3146 parentum
1123 3069 1211 3122 suc-1

106 3156 289 3225 cedentibus,
318 3174 379 3213 cum
400 3157 557 3234 inexpiabili
576 3156 648 3216 bello
669 3163 698 3215 et
719 3176 800 3231 reges
824 3162 854 3214 et
872 3172 990 3228 reguum
1005 3151 1104 3225 Syriae
1117 3166 1184 3207 cun·
1292 3193 1296 3199 ,

105 3245 224 3298 sumtum
241 3243 328 3310 esset,
349 3241 386 3297 ad
409 3247 522 3299 externa
543 3241 662 3319 populus
685 3241 785 3298 auxilia
812 3238 948 3299 concurrit
967 3235 1184 3316 peregrinosque
1265 3257 1269 3261 ·

105 3324 159 3382 sibi
172 3343 254 3400 reges
268 3324 474 3405 circumspicere
488 3328 587 3405 coepit.
630 3326 728 3403 ituqoc
749 3344 811 3384 cum
829 3340 895 3403 pers
908 3320 1099 3399 Mithridatem
1109 3316 1209 3375 Pon-e
1297 3394 1301 3399 ι

98 3437 316 3462 ι..ὑπ-...εφη-

176 3507 208 3559 0.
226 3506 247 3559 1.
271 3509 287 3572 ἓ
308 3509 331 3560 i.
367 3516 393 3560 et
409 3525 467 3561 mor
478 3509 545 3575 filiis
560 3505 714 3575 inimicitiis]
729 3507 775 3560 Sic
792 3507 876 3574 Bong.
894 3521 909 3557 e
926 3501 979 3556 suis
996 3499 1121 3563 omnibus,
1134 3497 1225 3567 uon,

105 3576 199 3641 (irae,
222 3576 240 3629 4
258 3577 303 3646 (i)
321 3577 436 3629 Gronov.
473 3577 602 3648 Explica:
625 3577 670 3647 Ob
686 3578 795 3629 fratrum
819 3572 921 3642 (Grypi
939 3579 966 3625 et
983 3566 1121 3651 Cyziceni)
1138 3573 1226 3620 mutua

104 3644 166 3699 odia
183 3651 211 3700 et
228 3661 292 3697 cum·
303 3645 378 3698 brevi
398 3644 445 3695 iiiii
470 3647 547 3698 etiem
569 3647 684 3715 ipsorum
706 3651 736 3696 et
756 3653 863 3714 nepotes
889 3642 927 3693 bis
945 3638 1085 3693 inimicitius
1101 3635 1225 3690 succede-
1305 3696 1309 3702 ¹

104 3720 178 3775 rent,
196 3712 231 3765 ad
248 3721 356 3773 externa
373 3712 469 3764 auxilie
486 3732 519 3782 po
538 3715 595 3768 ulus
612 3713 743 3781 confugite
767 3713 795 3765 in
812 3713 905 3781 quibus
922 3727 973 3762 non
992 3707 1084 3779 rideo,
1105 3704 1168 3775 quid
1184 3704 1226 3757 in·-

104 3781 254 3835 ooneinnum
272 3783 325 3845 sit3
350 3780 400 3833 imo
417 3733 560 3849 elegendus
577 3789 618 3836 est
635 3784 747 3836 serietas
765 3783 830 3834 baec
852 3780 1021 3834 membrorum
1032 3791 1118 3858 -quam
1136 3772 1226 3826 simili-

104 3850 167 3904 tudo
193 3853 220 3904 in
245 3850 355 3905 lectione
380 3849 439 3902 edd.
463 3857 544 3916 vett,
567 3853 645 3920 Prug.
665 3858 692 3904 et
715 3850 825 3902 Dorvili.
843 3851 861 3905 3
878 3866 895 3901 a
912 3864 963 3900 seo.
981 3862 1030 3898 ms
1050 3845 1184 3911 flirornnr,
1208 3858 1225 3894 a

103 3920 234 3972 Bensciio
252 3924 373 3987 recepta,
390 3918 461 3986 ficto,
471 3927 555 3973 eutem
573 3922 607 3972 ab
624 3920 674 3983 iis,
698 3919 743 3990 qui
755 3922 860 3986 fratres
879 3920 906 3970 et
921 3916 992 3985 filiis
1007 3913 1047 3967 its
1064 3912 1114 3965 sibi
1130 3909 1228 3983 opponi

103 3990 202 4043 debere
219 3994 349 4059 putarent.
383 3988 514 4043 sarone
532 3989 700 4042 inimicorum·
774 4014 776 4018 ¹
860 3978 874 4005 ⁰

117 4124 119 4129 1
136 4074 269 4181 ¹¹1⁰pprpcppm
300 4056 633 4185 imgmffldppdiqm’
659 4057 789 4127 1Boug.s
813 4049 1112 4126 ermensende
1128 4064 1181 4119 qun
1197 4064 1224 4100 v·
1284 4104 1290 4113 ,

104 4140 136 4179 ⁰⁰
249 4163 256 4178 ·
286 4142 329 4181 ⁰⁸
444 4142 479 4199 n.
558 4141 599 4196 “i
672 4144 675 4149 '
1041 4144 1044 4149 '
