2624 4606
353 236 663 347 ursuoauru.
687 286 751 346 xu.
778 267 874 349 cau.
895 276 932 353 9.
949 262 997 354 1'0.
1164 287 1228 355 lau
1277 232 1287 315 ss

101 443 221 507 navibus
238 442 395 500 conscensis
409 440 516 500 Oceani
536 439 619 498 litora
634 445 776 518 peragrat
820 440 891 500 Cum
903 442 1024 501 venisset
1037 442 1074 500 ud
1088 440 1210 503 urbem
1268 516 1271 521 Ι

101 529 350 603 Ambigeri-regis,
371 526 506 604 oppidani
525 525 656 583 invictum
677 527 751 584 terro
774 525 918 585 audientes
938 528 1056 601 sagittas
1075 545 1184 586 veueuo

54 656 60 665 .
101 620 231 680 armaut3
252 620 336 687 atque
352 612 392 668 ita
404 604 516 685 gemino
530 610 629 669 mortis
643 608 756 668 uulnere
767 610 876 669 hostem
888 631 906 669 a
919 612 1004 669 muris
1022 604 1187 670 submoven-

99 705 147 757 -tes
160 696 291 774 plurimos
306 695 481 754 interficiunt.
525 693 596 751 Cum
613 694 687 752 iuter
700 693 801 752 multos
814 694 972 753 vulneratus
991 695 1075 754 etiam
1087 695 1209 756 Ptole-3

101 800 198 841 maeus
217 786 292 839 esset
313 781 515 854 moriturusque
532 777 643 836 iamiam
662 777 817 850 videretur,
838 788 888 857 per
897 780 1019 855 quietem
1032 781 1091 856 regi
1104 799 1185 838 mon·

100 873 190 927 strata
202 866 231 922 in
247 865 369 924 remedia
380 865 480 923 veneni
491 863 578 921 herba
591 868 648 921 est:
670 881 726 938 qua
737 863 766 921 in
787 871 855 940 potu
869 871 983 941 accepta
1002 866 1094 923 statim
1108 865 1184 942 peri·
1201 912 1204 919 .
1262 930 1265 941 Ι

99 951 164 1012 crdo
186 950 317 1009 liberatus
339 957 398 1020 est3
425 948 569 1023 maiorque
590 965 656 1025 pars
681 949 816 1005 exercitus
842 947 896 1007 lroe
917 949 1040 1007 remedio
1062 955 1182 1008 servata.

99 1035 270 1115 Expugnata
285 1033 387 1093 deiude
407 1033 476 1091 urbe
496 1051 621 1091 reversus
642 1031 670 1089 iu
688 1050 774 1090 naves
797 1033 911 1092 Oceano
928 1031 1077 1092 libamenta
1094 1033 1207 1105 dedita

99 1138 264 1200 prosperum
276 1119 305 1175 iu
318 1120 436 1194 patriam
449 1117 568 1176 reditum
582 1121 726 1193 precatus:
748 1136 781 1175 ac
793 1117 876 1175 veluti
892 1137 972 1176 curru
992 1119 1063 1175 circa
1079 1123 1207 1176 metam5

99 1209 180 1276 acto,
208 1204 306 1282 positis
334 1203 441 1280 imperii
460 1203 599 1275 terminis,
628 1207 765 1276 quatenus
787 1207 836 1259 aut
862 1208 996 1260 terrarum
1018 1202 1180 1261 solitudines

98 1290 214 1369 prodire
228 1306 328 1364 passae
345 1293 414 1345 sunt·
425 1292 474 1347 aut
493 1305 571 1346 mare
592 1284 748 1360 navigabile
768 1287 844 1358 fuit,
871 1289 992 1345 secundo
1011 1292 1091 1344 aestu
1110 1288 1182 1345 ostio

99 1372 220 1434 fluminis
231 1372 296 1431 Indi
307 1373 452 1431 invehitur.
494 1370 537 1428 lbi
550 1371 579 1428 iu
593 1377 772 1430 monumenta
787 1389 878 1430 rerum
894 1389 911 1429 a
929 1390 961 1429 se
973 1377 1113 1446 gestarum
1130 1377 1203 1430 ιιι-6

100 1459 163 1517 bem
176 1458 284 1515 Barcen
296 1457 434 1533 condidit3
455 1475 575 1531 arasque
595 1456 708 1530 statuit,
731 1454 825 1515 relicto
845 1475 879 1512 ex
898 1475 1012 1514 numero
1032 1456 1181 1515 amicorum
1293 1478 1297 1489 ·

98 1541 252 1601 litoralibus
266 1542 342 1600 ludis
356 1543 505 1619 praesecto.
547 1538 618 1599 Inde
640 1540 695 1598 iter
716 1545 847 1599 terrestre
866 1542 1005 1612 facturus,
1027 1546 1088 1599 curu
1102 1542 1205 1599 arida?
1292 1578 1297 1595 .

97 1627 159 1687 loca
173 1626 258 1685 medii
269 1627 375 1686 itineris
392 1626 564 1697 dicerentur,
585 1630 686 1702 puteos
701 1623 863 1703 opportunis
877 1623 943 1684 locis
958 1624 1018 1683 fieri
1029 1625 1180 1703 praecipit:

99 1713 199 1790 quibus
214 1711 319 1785 ingenti
332 1711 410 1770 dulci
420 1730 492 1787 aqua
508 1711 619 1769 iuventa
631 1708 813 1784 Babyloniam
825 1709 907 1767 redit.
950 1709 992 1767 lbi
1008 1708 1108 1769 mrdtae
1128 1710 1204 1768 de-8

97 1799 188 1856 victae
212 1802 310 1870 gentes
332 1799 490 1874 praefectos
519 1814 584 1854 suos
609 1800 831 1867 accusaverunt,
869 1794 949 1869 quos*
966 1795 1027 1855 siue
1051 1801 1179 1870 respectu

97 1881 234 1942 amicitiae
253 1880 410 1941 Alexander
436 1881 466 1939 iu
484 1885 635 1962 conspectu
657 1879 813 1957 legatorum
836 1881 931 1940 nanti
951 1879 1040 1938 iussit.
1079 1876 1203 1939 Filiam9

167 2127 227 2190 §a
261 2128 348 2180 orbern
365 2128 499 2198 Ambigeri
514 2129 605 2195 regis]
632 2124 807 2189 Harmatelia,
831 2128 898 2178 teste
915 2124 1030 2178 Diodoro
1047 2123 1140 2189 XVII,
1159 2125 1219 2189 103,

98 2193 140 2248 vel
157 2188 294 2261 Ἅρματα,
312 2202 342 2247 ut
356 2196 428 2248 multi
446 2196 521 2248 codd.
542 2194 667 2259 Wessel.;
685 2203 824 2247 extremam
842 2195 928 2247 urbem
948 2195 1150 2255 Brachmanum3
1176 2211 1220 2247 re·

95 2280 154 2385 pem
172 2271 257 2317 autem
275 2265 406 2333 appellant
423 2267 545 2317 Sambana
561 2264 603 2315 vel
621 2265 733 2325 Sabum3
751 2263 903 2315 Plutarchus
916 2264 1046 2325 Sabbom3
1068 2280 1090 2314 v.
1101 2262 1133 2314 ad
1143 2261 1217 2315 Curt.

111 2333 152 2396 X,
170 2334 203 2398 8,
225 2335 302 2400 513.
336 2334 392 2385 Hoc
414 2333 470 2385 loco
496 2335 627 2402 1Bong.:
648 2332 802 2402 Ambigori3
830 2331 894 2394 alius
911 2337 939 2383 et
957 2331 1046 2386 aaut:
1066 2332 1218 2401 Arubiregis.

96 2402 200 2463 Veram,
212 2407 279 2484 puto
304 2402 402 2454 Vorstii
427 2403 594 2466 sententiam,
619 2403 695 2454 Anibi
719 2419 774 2452 esse
797 2417 844 2468 pro
862 2402 951 2452 Sambi
975 2401 1016 2466 (r.¹
1032 2416 1078 2452 nos
1095 2396 1128 2451 ud
1145 2399 1174 2463 Ι,
1191 2402 1218 2462 6;

96 2473 114 2535 S
132 2473 150 2524 2
167 2477 195 2523 et
211 2476 270 2524 rntt.
288 2471 322 2523 ad
339 2470 398 2534 XV,
415 2468 449 2535 4,
472 2475 490 2536 §
510 2472 564 2540 13)
590 2476 617 2524 et
640 2472 701 2541 geri
723 2469 845 2538 syllabam
870 2476 1016 2538 corruptam
1035 2486 1050 2521 e
1066 2484 1217 2538 seqslvocer

94 2539 177 2609 regis.
211 2538 253 2591 Ita
277 2538 353 2592 etiam
378 2540 537 2594 Blancardus
562 2540 596 2593 ad
613 2539 714 2593 Arrian.
739 2555 798 2609 exp.
825 2534 931 2622 patos.
966 2538 1037 2590 lderu
1054 2537 1122 2599 iam,
1150 2542 1218 2590 teste

95 2605 247 2671 Gronoviu,
271 2609 298 2660 in
315 2608 391 2660 codd.
409 2607 499 2674 Med,
523 2610 614 2674 Bodl,
638 2608 729 2662 Leidd.
746 2608 807 2662 25
830 2607 927 2660 illatum
952 2614 997 2659 est.
1034 2605 1155 2659 Orosiuss
1182 2607 1219 2660 ud

93 2677 183 2728 urbem
208 2678 355 2744 mandam,
380 2679 421 2729 cui
446 2678 555 2732 Ambira
577 2697 623 2731 rec
643 2685 777 2747 praeerat.
812 2676 880 2729 Edd.
898 2682 977 2730 vett.=
999 2676 1121 2728 Ambiani
1136 2677 1217 2746 regio.

94 2744 200 2796 Vossius
218 2747 350 2799 Abisaren
379 2747 421 2799 val
439 2749 599 2801 Ambircrcm
622 2764 709 2816 regern
733 2762 766 2798 ex
783 2745 886 2801 arrian.
904 2745 938 2809 V,
956 2747 991 2800 29
1008 2745 1145 2799 restituere
1162 2761 1235 2798 rua·-

93 2812 159 2882 luit,
177 2813 222 2866 sed
239 2815 390 2883 refragante
406 2816 487 2870 variis
502 2816 582 2869 modis
600 2815 716 2871 historia.
750 2825 754 2831 '
1229 2823 1234 2831 '

161 2901 178 2964 S
196 2899 222 2954 3.
257 2900 354 2952 Gutus
371 2903 521 2955 calamiae
539 2907 567 2953 et
583 2903 723 2955 morituras
738 2900 895 2969 iamiamque
906 2899 967 2954 'ota

162 2967 179 3034 §
197 2968 224 3023 5.
257 2966 301 3020 Eu
319 2971 522 3039 corruptelarum
539 2969 640 3023 facilem
661 2969 757 3023 ortum!
791 2969 876 3037 Boug.
894 2986 980 3022 omnes
1002 2974 1109 3039 praeter
1125 2984 1216 3023 unum:

95 3038 329 3089 mamercino
346 3039 399 3090 ium
416 3047 492 3106 acto,
515 3038 557 3090 vel
574 3038 699 3091 similiter.

163 3112 289 3173 quatenus
307 3107 371 3174 out]
403 3106 484 3160 Certa
500 3105 646 3160 emendatio.
659 3103 847 3167 Freinshemil,
871 3103 979 3173 primurn
995 3109 1102 3172 recepta
1117 3121 1134 3156 a
1151 3104 1216 3156 ller-

93 3189 213 3227 neccero.
250 3174 334 3226 Codd.
353 3192 439 3228 omnes
457 3183 484 3229 et
502 3175 576 3230 addc
599 3193 652 3245 qun
675 3176 746 3227 ainus
772 3181 819 3227 cat
836 3180 897 3225 cett.
922 3174 990 3226 unde
1014 3175 1135 3242 quatinus
1151 3172 1216 3225 scri·
1237 3174 1240 3179 ’

93 3241 205 3295 bendum
221 3241 305 3296 rideri
331 3245 424 3312 possit,
458 3243 504 3297 sed
528 3245 577 3296 hoc
602 3250 629 3295 et
650 3241 677 3294 in
701 3260 770 3295 usum
796 3249 887 3311 peccat
904 3246 931 3293 et
950 3243 976 3293 in
994 3240 1216 3310 grammaticorum

92 3317 236 3381 praccepta
252 3311 339 3367 luudrl.
356 3330 399 3383 up.
419 3315 516 3368 cellar.
533 3312 566 3365 de
584 3312 710 3381 Ortbogr.
726 3311 785 3365 Vol.
802 3310 837 3365 ll.
853 3327 880 3379 p.
898 3313 932 3365 48
949 3311 1024 3363 Harl.
1087 3364 1091 3371 ,

164 3398 180 3460 5
197 3396 222 3448 6.
257 3398 378 3464 Barcen]
396 3397 497 3466 Bong.=
515 3397 635 3452 Bcrccrn.
670 3395 780 3462 „Nulla
797 3397 883 3448 Burcc
900 3397 932 3448 ab
952 3390 1134 3448 Alexandreia
1147 3392 1215 3447 ostiu

91 3464 151 3518 Indi
168 3465 281 3518 condita.
317 3469 449 3534 Bosporano
464 3465 503 3519 ibi
519 3465 641 3529 invenio;
659 3473 687 3519 et
702 3467 740 3519 sic
759 3465 979 3519 rescribendum.“
1012 3465 1124 3517 Scimus.
1143 3462 1215 3514 Ἑα-

91 3541 167 3587 tenus
184 3533 372 3602 probabiliter,
401 3534 471 3603 quod
487 3535 513 3587 in
536 3535 588 3587 illis
609 3535 756 3602 regionibus
780 3536 885 3587 Barnea
909 3533 1032 3602 oppidum
1057 3548 1114 3584 cum
1137 3538 1214 3600 portu
1296 3536 1299 3540 “

91 3601 168 3657 situm
185 3609 257 3669 arat3
280 3620 307 3655 v.
324 3604 390 3656 Plin.
408 3605 460 3667 Vl,
478 3606 513 3658 26
537 3603 601 3672 ibiq.
615 3603 742 3656 Harduiu.
760 3621 786 3673 p.
803 3598 853 3658 671
873 3603 983 3666 dronae
1006 3600 1051 3655 sed
1069 3598 1214 3653 aGraecis

90 3667 139 3723 stoi
147 3688 191 3738 μη
209 3678 318 3725 vocatur
335 3689 383 3725 nec
400 3673 478 3725 ullum
495 3671 616 3725 indicium
639 3679 691 3726 taur
713 3672 800 3724 clarae
824 3670 947 3740 originis3
968 3671 997 3723 iu
1013 3667 1154 3724 onesicriti
1170 3673 1214 3722 ta-

90 3756 149 3791 men
167 3747 194 3792 et
211 3740 328 3793 Nearchi
347 3741 459 3809 Periplis
476 3741 584 3809 primum
600 3742 718 3794 Baracae
729 3741 830 3794 mentio
847 3740 936 3792 tiebat.
970 3739 1038 3792 Vide
1054 3737 1212 3791 Freinshem.

90 3808 126 3863 ad
144 3807 220 3861 Ourt.
237 3810 285 3874 lX,
305 3814 353 3874 10,
371 3813 438 3875 §.2²
455 3810 560 3862 interim
576 3817 602 3864 et
618 3812 693 3863 urbes
708 3812 845 3878 plerusque
862 3809 965 3871 condit,
983 3808 1029 3861 ubi
1045 3806 1212 3861 Freinshem.=

89 3877 167 3931 urbes
179 3886 361 3962 pericopae
378 3897 399 3930 o.
424 3878 492 3946 quod
516 3886 670 3948 receperunt
686 3877 793 3932 Tellier.
812 3883 839 3931 et
860 3875 1000 3944 Callanus,
1025 3875 1112 3931 neutri
1126 3881 1212 3930 tumen

90 3946 197 3999 Barcae
213 3953 303 4015 portus
320 3964 346 4001 rn
363 3951 473 4000 mentem
489 3946 570 3999 veuit
879 3967 883 3972 ·

162 4016 308 4073 litoralibus
323 4017 396 4069 ludis
409 4015 565 4084 praefecto]
582 4016 621 4069 An
639 4015 796 4069 Leonnatum
820 4012 903 4068 Oritis
924 4011 1098 4087 praepositum
1114 4010 1212 4068 tncdu·
1238 4078 1241 4083 ,

89 4080 153 4153 gut
169 4083 383 4157 Hoclemoribus
399 4104 428 4140 se
444 4084 568 4154 probabit
583 4101 618 4138 ex
633 4084 736 4137 Arriam
755 4084 810 4148 vl,
825 4086 870 4139 22.
1021 4138 1024 4143 ,
1055 4132 1059 4143 .
1283 4139 1289 4144 ,

121 4153 221 4241 'st
256 4148 1187 4225 rodirltauouultcrlmprogradieusflabylouaurerrustmdlt.
