2624 4606
4 3858 6 3867 ἱ
98 3790 239 3845 maluimus.

30 166 114 287 's'
301 224 305 230 ¹
459 176 863 277 1usT1'rri¹

135 380 226 447 retur,
248 374 347 433 eodem
361 375 462 430 ornatu
480 376 510 453 ct
528 369 662 448 populum
682 369 779 429 vestiri
798 371 890 431 iubet:
912 390 996 449 quem
1014 392 1120 433 morem
1140 378 1225 436 emtis

109 458 235 520 lexinde
256 477 325 535 gens
343 457 471 515 universa
488 459 573 515 tenet.
616 454 663 514 Sic
680 456 776 534 primis
794 456 880 515 initiis
900 475 995 516 sexum
1016 461 1135 519 mentitu
1155 480 1227 539 puer

109 551 197 605 5esse
215 543 321 603 credita
337 547 390 602 est
439 538 560 616 Magnas
581 540 684 600 deinde
703 560 748 599 res
767 542 870 617 gessit3
900 560 1017 618 quarum
1041 544 1226 622 amplitudine

135 631 184 689 ubi
202 629 333 697 invidiam
351 631 510 703 superatam
530 630 628 703 putat,
650 644 723 703 quac
742 628 779 685 sit
797 628 903 685 fatetur
922 646 1039 702 quemve
1058 629 1226 692 simulasset

110 713 198 775 6Nee
209 714 264 772 lroc
275 713 313 770 illi
325 712 490 787 dignitatem
502 712 582 786 regni
595 710 715 785 ademit,
734 710 785 772 scd
803 711 1016 771 admirationem
1036 716 1127 789 auxit,
1146 717 1234 792 qnod,

4 818 7 823 ·
110 797 233 858 7mulier
252 816 310 861 nou
325 797 441 856 seminas
462 795 553 875 modo,
566 795 683 868 virtute,
712 797 763 855 sed
784 797 868 855 etiam
886 797 959 855 viros
976 800 1104 859 anteiret
1127 800 1227 862 ‘Haec

134 882 316 958 Babyloniam
339 881 465 940 condidit
484 898 647 958 murumque
666 880 728 940 urbi
748 887 829 941 cocto
844 880 933 941 latere
945 883 1142 956 circumdedit,
1163 905 1227 949 arc-

135 969 194 1027 nati
213 968 274 1027 rice
293 967 427 1025 bitumine
446 966 625 1039 interstruto,
652 984 725 1043 quae
743 968 860 1026 materia
879 967 909 1024 in
930 967 982 1026 illis
1003 967 1069 1028 locis
1084 971 1190 1048 passim
1209 991 1226 1031 c

111 1059 210 1113 8terra
224 1057 376 1112 exaestuat.
419 1049 511 1109 Multa
529 1056 560 1110 et
579 1050 634 1110 alia
645 1051 787 1128 praeclara
804 1050 883 1111 liuius
897 1054 1118 1128 reginaetuerer
1139 1056 1226 1134 siqui-

51 1139 53 1143 ’
138 1139 204 1198 dem
214 1156 272 1197 nun
287 1142 420 1196 contenta
431 1134 584 1212 adquisitos
603 1137 662 1196 uiro
680 1137 760 1213 regni
781 1138 915 1198 teuninos
932 1139 1025 1212 tueri,
1047 1138 1225 1220 Aethiopiam

110 1229 248 1299 equoque
268 1223 384 1301 imperio
403 1222 513 1279 adiecit.
557 1222 616 1281 Sed
632 1227 661 1281 et
682 1221 759 1280 ludis
779 1221 881 1281 bellum
902 1223 1012 1298 intulit,
1040 1243 1095 1300 quo
1111 1230 1225 1304 praeter

95 1317 129 1370 10
138 1307 212 1366 illam
227 1312 257 1365 ct
276 1305 462 1366 Alexandrum
474 1304 609 1382 Magnum
624 1324 707 1367 uerno
729 1308 852 1367 intravit
893 1305 939 1365 Ad
953 1314 1141 1386 postrenum,
1162 1321 1226 1370 cum

66 1426 74 1435 -
138 1392 312 1457 concubitum
330 1392 380 1450 filii
393 1392 526 1470 petisset,
553 1393 590 1450 ab
613 1393 714 1453 eodem
735 1392 881 1452 interfecta
900 1399 959 1467 est,
982 1394 1038 1452 duo
1056 1400 1086 1453 et
1102 1396 1225 1472 quadru-

97 1483 128 1536 11
138 1478 217 1554 ginta
230 1495 318 1536 annos
332 1482 396 1556 post
415 1475 520 1535 Ninum
538 1495 627 1553 regno
641 1477 741 1556 potita.
783 1477 869 1535 Filius
889 1477 947 1536 eius
967 1477 1062 1554 Niuya
1079 1486 1224 1555 contentas

56 1613 65 1623 .
98 1606 107 1627 -,
135 1561 281 1623 ,elaborato
298 1582 316 1622 a
333 1562 494 1641 perentibus
511 1562 627 1640 imperio
646 1561 709 1622 belli
721 1563 815 1621 studia
832 1564 962 1640 deposuit
981 1570 1012 1622 et
1030 1564 1116 1624 veluti
1128 1585 1224 1626 marna

138 1667 202 1707 cum
213 1653 303 1706 matre
314 1651 458 1720 mutasset,
481 1665 544 1705 raro
558 1665 576 1705 a
588 1648 652 1706 viris
664 1648 737 1706 risus
756 1648 786 1706 in
799 1649 963 1708 feminarum
976 1649 1057 1708 turba
1068 1653 1223 1711 consenuit.

97 1739 131 1792 12
139 1733 249 1791 Posteri
260 1751 374 1809 quoque
386 1733 444 1792 eius
457 1733 487 1790 id
505 1732 659 1810 exemplum
678 1721 765 1792 scc'un
779 1752 913 1812 responsa
925 1735 1055 1810 gentibus
1072 1755 1127 1817 per
1139 1737 1226 1796 inter·
1264 1780 1267 1784 ·

97 1824 131 1877 13
139 1818 252 1876 nuutios
267 1818 381 1875 dabant.
409 1816 557 1894 Imperium
572 1819 696 1893 Assyrii,
718 1819 767 1905 qui
778 1828 877 1898 postea
892 1819 955 1927 Syri
970 1821 1130 1897 dictinum,
1151 1821 1225 1883 mille

22 1904 24 1909 ’
138 1904 270 1964 trecentis
283 1902 362 1960 annis
375 1909 499 1961 tenuere.
690 1954 692 1959 .
924 1952 928 1958 .

114 1997 130 2048 1
224 1987 273 2047 lll.
302 1987 463 2047 Postremus
485 1988 562 2064 apud
582 2007 631 2047 eos
650 1989 779 2066 regrrerit
796 1988 1019 2068 sardanapalus,
1049 1991 1091 2054 vir
1108 1989 1224 2050 muliere
1272 2012 1275 2017 ·

112 2073 306 2151 tcorruptior.
347 2070 394 2132 Ad
409 2071 482 2130 hunc
500 2071 651 2133 ridendum
668 2074 760 2153 (quod
778 2074 881 2134 nemini
900 2081 967 2133 ante
986 2094 1049 2145 eum
1061 2078 1223 2154 permusmn

137 2157 243 2235 iuerat)
259 2158 418 2238 praefectus
437 2156 522 2237 ipsius
542 2156 635 2219 Medis
652 2159 844 2240 praepositus,
865 2157 1141 2236 commemoretur,
1163 2180 1224 2223 erim

96 2342 187 2408 asu,
205 2323 362 2397 susurronis
377 2343 455 2397 cum
471 2343 615 2407 aaronis,
641 2345 674 2397 us
692 2360 777 2415 regas
798 2344 871 2397 aas.
885 2342 919 2396 u.
940 2362 967 2414 ρ.
985 2306 1134 2467 εὲειοᾱξίιᾱ
1147 2342 1252 2428 ωᾳᾱ.)

1021 2428 1037 2466 ll
1130 2430 1223 2467 mallus

96 2411 211 2467 nonnulli
224 2413 479 2482 Bong.·etSalmas.,
503 2413 624 2466 vincens
644 2413 759 2467 Bellone
783 2412 978 2478 calciamentis,
1004 2432 1026 2536 l

95 2482 130 2534 ad
144 2481 278 2550 Spartica.
292 2482 367 2534 Alex.
381 2479 425 2536 40.
440 2498 468 2550 p.
486 2483 538 2535 976
548 2481 626 2549 '(ooll.
638 2481 673 2535 ud
689 2480 772 2538 Treb.
784 2481 851 2537 Poll.
869 2482 984 2536 Gallica.
999 2483 1011 2536 l
1026 2483 1120 2552 ,·16.)’
1134 2487 1224 2536 tuetur

96 2556 125 2602 et
134 2550 269 2672 gpliguts
292 2549 423 2602 feminalia
436 2554 464 2602 et
481 2549 598 2615 tibialis,
628 2550 673 2604 sed
692 2551 748 2605 sine
764 2551 890 2622 exemplo.
925 2552 1019 2607 isidor.
1041 2553 1135 2623 origg.
1148 2550 1223 2618 xlm

96 2635 121 2674 c.
177 2636 184 2669 r
221 2619 374 2671 'manentia
1161 2658 1170 2671 a.
1207 2636 1212 2646 ·

164 2687 221 2751 57.
239 2688 343 2740 erenum
361 2687 435 2754 uice]
458 2685 505 2740 Sic
524 2685 617 2758 scripsi
636 2688 799 2743 exsalmmil
816 2689 883 2744 coni.
905 2690 1063 2757 certissima,
1081 2689 1224 2762 prodiialrr

96 2753 225 2808 Exercitt.
237 2755 305 2808 Pliu.
318 2773 345 2825 p.
362 2757 439 2810 1228.
474 2756 559 2809 Codd.
574 2754 704 2810 meliores:
723 2776 821 2813 urenae
832 2761 897 2813 ulcr.
932 2760 1000 2824 Ala,
1018 2761 1103 2814 lunt:
1128 2758 1225 2814 menae

97 2832 124 2878 et
137 2825 216 2877 coicis
226 2825 299 2886 cicc,
324 2823 392 2894 quod
405 2824 530 2878 Barthius
544 2827 580 2879 ud
595 2826 700 2880 Gallum
715 2845 742 2898 p.
755 2830 788 2882 65
804 2828 951 2882 confirmari
965 2836 1041 2899 putat
1061 2830 1118 2882 loeo
1133 2829 1224 2882 Vitru-

96 2892 136 2945 rii
150 2893 173 2953 I,
189 2893 224 2946 52
251 2893 312 2946 Non
324 2894 393 2947 eninr
404 2892 445 2946 nti
457 2895 591 2963 Babylone
603 2898 766 2951 abundanter
780 2897 880 2968 liquido
900 2900 1025 2952 bitumine
1044 2913 1109 2967 pro
1130 2900 1224 2952 culce

96 2970 131 3017 et
147 2964 257 3016 arenis
274 2970 301 3016 rt
310 2980 343 3084 gr
355 2970 429 3017 cocto
441 2964 640 3031 lutrrrsnmum
650 2967 748 3021 hadent
759 2982 869 3020 nrnrunr.
905 2967 996 3021 Ceteri
1014 2967 1089 3020 codd.
1104 2972 1133 3022 ct
1144 2962 1222 3020 sud.'=

96 3048 196 3096 nene,
239 3033 293 3093 icc,
326 3034 357 3086 it
484 3056 487 3063 ¹
958 3036 962 3042 “

165 3049 237 3167 501)
247 3101 336 3169 indm]
361 3099 409 3152 Sic
427 3100 503 3155 uodd.
524 3101 622 3170 Bong.‚
646 3102 766 3174 plerique
788 3103 993 3171 Gronoviorurn,
1017 3105 1103 3167 Creu,
1130 3101 1223 3167 Gom,

97 3170 188 3239 Prag„
205 3170 342 3224 eddvett.
374 3169 473 3239 Vulgus
494 3172 594 3224 indiae.
1014 3191 1017 3195 ·

166 3243 183 3307 §
199 3243 239 3294 10.
258 3241 418 3294 concubitum
427 3241 484 3307 filii
492 3239 620 3309 petisset]
644 3241 729 3293 Unum
748 3241 825 3309 novi,
850 3241 890 3296 cul
906 3240 950 3295 hic
962 3257 1018 3295 cum
1033 3238 1131 3294 Iustino
1145 3204 1237 3306 plana*

97 3309 265 3375 conueniret,
291 3308 429 3378 Agathlsru
451 3308 487 3373 ll,
505 3308 548 3364 24.
566 3325 593 3378 p.
615 3312 659 3373 62,
686 3309 844 3364 radiantem
864 3328 914 3367 nou
934 3310 1030 3364 inueni.
1065 3309 1105 3361 Dc
1115 3306 1223 3361 libidine

5 3430 8 3435 .
97 3383 184 3432 tamen
202 3378 377 3433 Semiramidis
397 3377 498 3432 Ctesias
515 3379 644 3433 consentit
664 3379 736 3447 (nam
763 3396 831 3449 quae
850 3379 978 3432 Diodorus
997 3379 1038 3443 ll,
1064 3378 1097 3432 13
1116 3383 1220 3431 narrate

97 3442 274 3516 ἐπιλεγομένη
302 3446 334 3502 δὲ
359 3451 421 3500 cett.
447 3465 463 3500 c
482 3446 571 3500 Gtesia
590 3447 676 3516 petits
691 3455 873 3503 esse-testatur
889 3447 1023 3517 syncellus
1039 3446 1108 3517 apud
1122 3447 1222 3502 Bacirr.

4 3536 7 3541 ·
98 3530 124 3584 p·
137 3514 229 3585 405.»
247 3517 403 3571 redebitum
416 3514 527 3569 feminae
540 3515 617 3568 slitcr
631 3517 737 3582 retulit3
754 3535 781 3572 r.
797 3516 903 3570 Diodes.
919 3517 953 3580 11,
970 3518 1014 3570 20.

167 3587 365 3657 qrrudmgintu]
388 3585 434 3638 Sic
454 3594 519 3636 unus
538 3589 638 3638 tanturn
654 3587 749 3657 Βοῦς.
767 3589 844 3641 crau
863 3590 894 3638 at
904 3585 966 3638 fort
981 3583 1081 3655 aliquot
1090 3585 1222 3650 Gronov,
1262 3615 1264 3618 ·

97 3651 159 3706 edd.
173 3658 247 3718 vett,
265 3657 404 3709 uttitesias
417 3653 481 3716 1.t;
498 3658 595 3707 certum
610 3656 775 3724 plurimorum
788 3653 863 3708 codd.
877 3660 905 3708 at
919 3655 995 3708 Viuo
1011 3655 1111 3711 Bellon.
1129 3655 1222 3708 lectio-

98 3739 169 3775 nem:
195 3723 310 3792 trigr'nto
321 3725 461 3778 scribarum
477 3723 585 3794 antiquo
600 3725 684 3778 errori
698 3725 815 3781 tribucre
825 3736 902 3796 quam
918 3742 975 3779 cum
989 3725 1107 3780 Graevio
1117 3738 1221 3778 sumre

168 3863 184 3926 S
200 3861 242 3914 13.
259 3861 329 3914 mille
344 3862 487 3930 trecentis]
512 3862 554 3915 ltu
567 3862 683 3928 Ctesias;
701 3868 816 3918 veterum
832 3863 876 3918 alii
889 3863 980 3930 ulitur,
1005 3878 1111 3934 quorum
1123 3828 1220 3914 dissen-

99 3945 151 3982 sum
166 3929 293 3998 quomodo
304 3929 381 3983 'docti
393 3933 524 4001 explicare
534 3940 562 3989 et
576 3949 729 4002 componere
746 3933 890 3987 studuerint
909 3952 933 3986 v.
950 3934 1018 4002 apud
1030 3932 1173 3985 Boeltrs‘unr
1187 3930 1222 3982 ud
1241 3960 1247 3967 ν

100 3997 213 4050 Ctesiam
233 4015 259 4120 p
281 3996 333 4052 419
352 4004 381 4051 ct
401 4001 488 4054 laudd.
506 4001 552 4056 ibi.
587 4002 701 4056 Attende
723 4006 810 4056 umen
829 4003 865 4056 ili.
889 4002 1075 4057 Nieinirrr's'
1096 3996 1223 4054 iudicium

21 4123 24 4129 .
98 4067 221 4121 inlsler'nc
251 4069 333 4121 isan.
344 4069 438 4136 pidici.
453 4070 587 4136 Schriften
603 4088 629 4140 p.
642 4071 703 4125 210.

76 4222 84 4231 1
167 4137 199 4191 c.
212 4136 259 4191 ΠΙ.
274 4139 291 4204 ς
304 4138 331 4191 2.
344 4138 485 4207 Arirctus]
498 4139 544 4193 Sic
559 4139 636 4194 codd.
648 4154 742 4206 omnen
753 4145 785 4195 ut
793 4141 821 4195 in
834 4139 949 4211 prologis
963 4138 1040 4194 etiam
1048 4137 1221 4200 restituimus3

1254 4232 1264 4263 i
