2624 4606
90 211 155 274 las
361 173 1005 296 ⁴ianuarii*-

109 404 124 456 1
185 384 189 391 ⁵
210 394 233 471 l.
255 371 338 455 Post
352 393 503 451 Cassandri
518 393 592 468 regis
614 391 716 467 filiique
737 391 795 450 eius
813 389 933 469 Philippi
952 386 1098 455 continuas
1112 398 1218 451 mortes

108 478 112 483 ’
132 478 333 540 l'hesselonice
349 479 462 555 regina,
484 498 551 536 uxor
564 477 736 548 Cassandri,
758 494 815 534 non
832 494 935 551 magno
949 482 1015 554 post
1033 480 1163 555 tempore
1182 478 1221 536 ab

132 562 279 642 Antipatro
294 562 369 638 filio,
397 563 557 623 enm-vitam
580 563 662 620 etiam
681 579 732 639 per
755 561 840 621 ubera
861 566 987 621 materna
1008 560 1219 640 deprecaretur,

106 650 274 709 tucciditur.
316 647 411 706 Causa
429 646 569 726 parricidii
587 646 654 723 fuit,
676 647 752 722 quod
769 651 834 723 post
853 650 970 704 mortem
984 646 1076 705 mariti
1097 648 1125 705 ln
1146 644 1219 706 un·

134 735 212 794 sione
238 733 311 791 inter
334 733 435 791 fratres
463 733 543 809 regui
574 731 739 811 propensior
760 726 846 789 tuisse
872 730 1031 791 Alexandro
1060 726 1231 792 videbatur:

107 817 219 887 aanor
233 817 339 875 facinus
356 836 390 875 eo
402 818 512 893 gratius
530 816 657 874 omnibus
678 817 764 874 risum
782 822 842 886 est,
865 816 941 892 quod
956 813 1060 874 nullum
1074 822 1222 876 maternos

105 902 236 963 dfraudis
250 901 398 978 vestigium
410 902 476 960 snit:
491 900 658 978 quamquain
672 900 700 958 in
713 900 861 979 parricidio
874 899 950 958 nulla
963 901 1033 965 satis
1047 902 1121 965 iusta
1135 902 1221 961 cansa

16 1052 21 1064 „
107 989 169 1047 iad
188 986 297 1046 sceleris
319 987 473 1065 patrocinia
491 985 616 1065 praetexi
635 992 740 1065 potest.
781 984 852 1043 Post
871 984 939 1045 laec
956 985 1043 1061 igitur
1059 984 1220 1047 Alexander

48 1114 51 1119 «
132 1074 161 1130 in
180 1071 314 1131 ultionem
335 1077 476 1131 maternae
496 1070 570 1130 necis
592 1078 722 1147 gentinus
742 1090 803 1129 cnm
823 1072 910 1130 fratre
925 1070 1041 1144 bellurn,
1053 1071 1220 1130 auxiliares

107 1157 277 1217 o'Demetrio
290 1155 391 1234 petit:t
400 1176 451 1216 nee
462 1156 620 1215 Demetrius
640 1175 692 1234 spe
709 1155 859 1214 invadendi
873 1155 1046 1215 Macedonici
1062 1157 1145 1234 regni
1159 1175 1220 1218 mu·

22 1311 24 1315 ¹
107 1247 191 1301 iram
209 1240 282 1300 fecit.
326 1240 412 1299 Cuius
435 1243 586 1300 adventum
609 1260 707 1300 verens
732 1238 919 1318 Lysimachus
933 1241 1085 1320 persuadet
1111 1258 1218 1319 genero

134 1316 185 1385 suo
197 1326 365 1404 Antipatro,
386 1331 418 1384 ut
436 1324 514 1384 malit
532 1346 593 1384 curn
609 1326 694 1386 fratre
715 1326 744 1384 in
761 1326 880 1403 gratiam
898 1327 998 1387 reverti
1022 1344 1107 1403 quam
1123 1324 1220 1407 poter-

108 1418 198 1472 8num
208 1411 319 1481 [hostem
331 1411 360 1469 in
375 1409 569 1471 Macedoniarn
584 1411 700 1471 admitti.
743 1410 907 1471 inchoatam
925 1410 1010 1487 igitur
1030 1410 1103 1471 inter
1116 1412 1219 1473 fratres

132 1497 382 1556 reconciliationem
397 1517 458 1557 curn
479 1497 682 1576 praesensisset
695 1495 873 1570 Demetrius,
895 1515 947 1575 per
964 1495 1080 1556 insidias
1098 1493 1220 1557 Alexan·

108 1582 215 1642 edmm
228 1580 389 1654 interfecit3'
411 1587 602 1660 occupatoque
615 1580 800 1641 Macedoniae
816 1600 905 1658 regno
919 1582 1033 1640 caedem
1047 1580 1125 1661 apud
1140 1599 1221 1640 exer*

93 1667 222 1726 tacitum
241 1670 417 1724 excusaturus
437 1667 466 1724 in
485 1668 647 1726 concionem
666 1672 755 1726 vocat.
805 1667 848 1725 lbi
867 1668 981 1744 priorem
1000 1685 1030 1726 se
1045 1667 1163 1747 petitum
1184 1666 1219 1726 ad

93 1757 126 1811 11
137 1749 289 1808 Alexandro
302 1750 431 1827 adlegat3
451 1771 497 1810 nee
506 1751 607 1830 fecisse
618 1772 660 1826 se,
682 1752 728 1810 sed
740 1770 880 1830 occupasse
900 1752 1023 1810 insids'as.
1050 1750 1156 1828 Regem
1167 1770 1220 1811 au·

135 1841 186 1894 tem
205 1854 232 1892 se
248 1833 423 1895 Macedoniae
443 1837 485 1895 eal
507 1840 606 1897 aetatis
626 1841 809 1915 asperimontis
829 1837 872 1899 aa
890 1841 981 1899 samis
998 1840 1136 1901 iustiorem
1155 1855 1218 1896 esse.

93 1924 127 1979 12
136 1919 246 1980 Patrem
262 1912 339 1984 ‚enim
360 1942 438 1979 suum
457 1928 482 1979 et
499 1920 625 2002 Pm'lippo
647 1927 708 1998 regi
727 1930 753 1981 et
771 1922 925 1981 Alexandra
944 1921 1051 1999 Magno
1074 1925 1174 1981 usiam
1189 1925 1233 1982 tlt·

9 2070 16 2083 ‚
93 2011 126 2064 13
136 2008 207 2064 omni
219 2003 320 2063 militm
335 2005 441 2084 fuisse·
462 2007 599 2066 lr‘dercmm
617 2007 710 2069 deinde
722 2007 874 2068 Alexandri
890 2010 1041 2067 msm'strum
1055 2013 1082 2067 et
1102 2005 1141 2066 nd
1156 2025 1219 2089 per·

7 2119 13 2128 ·
94 2091 126 2149 14
137 2089 277 2170 sequendos
294 2089 439 2170 defectores
458 2093 548 2172 dacem
568 2096 710 2153 exstitisse.
755 2092 853 2153 Contra
867 2093 1055 2172 Antipatrum,
1076 2110 1160 2153 auum
1173 2092 1220 2151 lm-

135 2194 192 2235 rum
207 2174 426 2252 Molmcmtium,
447 2181 603 2239 smannens
614 2198 712 2256 semper
728 2181 877 2238 ministrum
890 2182 969 2255 regni
980 2195 1060 2256 quam
1079 2180 1152 2256 ipsm
1175 2196 1220 2237 re-

93 2266 126 2320 15
133 2281 181 2338 ges
192 2261 290 2340 fuisse.
335 2262 513 2323 Cassandram
526 2270 715 2342 aeropatren,
736 2269 921 2323 exstinctorem
937 2262 1151 2340 raginerium,
1168 2282 1221 2322 non
1256 2298 1259 2303 ·

66 2342 72 2353 ‘
130 2347 259 2425 feminis,
278 2367 330 2406 non
339 2353 431 2429 puen's
439 2353 599 2428 pepercisse5
620 2368 667 2408 nee
683 2368 811 2422 cessasse,
834 2349 923 2428 moed
936 2367 1034 2408 omnem
1053 2350 1163 2431 stirpen
1177 2366 1219 2407 re»

87 2435 198 2507 ‘lagiae
209 2433 308 2492 subolis
324 2434 427 2493 deleret.
470 2435 575 2493 Horam
588 2436 713 2493 scelerum
727 2434 868 2507 ultionem,
891 2438 954 2512 quia
969 2437 1101 2512 nequisset
1115 2434 1149 2492 ul
1163 2436 1225 2510 apso·

95 2521 125 2573 17
137 2516 286 2576 &euandro
299 2524 417 2595 exigere,
439 2521 476 2577 ed
491 2520 584 2601 liberes
599 2523 655 2579 mus
667 2520 835 2580 translatam.
866 2519 1042 2588 Quamobrem
1054 2521 1137 2580 etiam
1151 2516 1220 2578 Par·-

159 2753 196 2873 ἀΰ.
216 2753 282 2837 ¹23
302 2754 327 2811 1.
362 2754 625 2826 coenomanorum]
641 2752 732 2821 eodem
749 2753 817 2813 seim
833 2771 916 2821 enno,
939 2770 990 2825 quo
1010 2752 1219 2826 pater21'hilip
1248 2755 1253 2765 “

113 2837 143 2874 ns
177 2831 274 2876 ecessrt.
659 2852 660 2857 ¹

94 2839 112 2892 p
163 2895 222 2957 52.
254 2893 409 2962 propensior
426 2892 591 2962 Alexandro]
615 2892 661 2946 Sic
686 2896 792 2962 praeter
816 2891 877 2945 edd.
893 2896 959 2946 vett.
986 2890 1061 2944 Bodl.
1079 2888 1219 2945 muranu-

93 2977 151 3015 mee
166 2960 244 3025 fidei,
262 2963 341 3029 Prag.
360 2972 387 3013 et
406 2960 481 3017 Creo.
507 2963 590 3031 Bong.
606 2970 632 3014 et
650 2963 733 3015 ceteri
750 2962 826 3019 codd.
844 2961 944 3017 omnes:
958 2977 1038 3031 prop.
1052 2977 1118 3031 pre
1135 2961 1219 3023 Ales„

93 3029 163 3101 qnod
179 3048 230 3084 non
247 3029 339 3084 dubito
357 3030 418 3099 quin
436 3030 574 3099 aliquando
591 3031 746 3085 vindicetur.
1140 3058 1143 3063 ·

162 3102 178 3166 S
195 3104 221 3156 5.
259 3101 320 3153 Post
336 3100 419 3167 Ιωοο]
443 3100 489 3152 Sic
505 3101 675 3169 Bongursleni
692 3101 726 3154 ed
744 3117 819 3154 unum
838 3117 924 3155 omnes
938 3103 967 3152 et
983 3097 1079 3163 ceteri,
1103 3097 1219 3168 integer·

92 3167 164 3224 rime.
199 3169 270 3223 Med.
289 3171 324 3232 2,
340 3169 426 3223 Perie-
444 3175 472 3222 et
484 3169 667 3223 recentissimis
687 3172 725 3223 Ol
741 3169 807 3225 laudo
824 3169 882 3237 (vel
895 3170 969 3237 noo),
986 3173 1015 3223 ut
1032 3170 1111 3237 uulgo
1123 3167 1219 3229 editur.

161 3257 179 3292 a
196 3240 344 3306 Demetrio]
364 3238 434 3309 prius
452 3239 555 3308 quidem
573 3257 589 3295 a
607 3240 724 3307 Pyrria,
750 3238 828 3308 Epiri
845 3255 924 3304 τερος
951 3237 997 3307 sed
1014 3236 1037 3293 is
1054 3242 1159 3309 partem
1175 3234 1222 3295 im-

91 3305 158 3377 perii
174 3308 260 3361 stetim
280 3309 436 3378 occupavit3
456 3325 541 3376 ¹qums
564 3307 694 3365 Demetrio
715 3325 818 3376 quoque
839 3306 940 3359 diffisus
959 3306 1105 3361 Alexander
1121 3304 1220 3365 insidiis

92 3393 151 3430 enus
167 3394 301 3430 removere
318 3377 422 3430 studuit.
459 3377 595 3429 Pausanias
612 3377 691 3430 etiam
709 3379 815 3444 (Boset.
835 3395 857 3429 c.
876 3379 908 3441 7,
926 3377 975 3445 3),
993 3375 1055 3429 dum
1072 3374 1107 3429 ud
1123 3374 1222 3439 exitum

91 3445 190 3510 tendit,
210 3447 304 3515 Pyrrhi
322 3448 348 3498 in
365 3448 416 3499 lrao
433 3445 543 3498 historia
560 3445 654 3498 nnllam
672 3445 824 3501 mentionem
839 3445 910 3498 iecit.
1270 3442 1274 3453 '

161 3518 177 3578 ς
195 3517 220 3568 8.
254 3515 398 3581 interserit]
416 3516 462 3567 Sic
479 3516 563 3582 Bong.
583 3523 609 3566 et
627 3515 687 3568 boni
705 3515 799 3579 codd.;
818 3516 896 3584 vulgo
915 3531 964 3586 pro
982 3531 1068 3570 mores
1084 3512 1221 3582 inloeficiis

92 3586 122 3635 ut
137 3585 155 3637 6
171 3584 304 3649 Granum,
322 3584 350 3636 in
367 3585 460 3655 quibus
476 3583 494 3637 4
512 3583 656 3653 Anglicaui.
1104 3628 1107 3635 .

160 3654 220 3717 89.
254 3656 282 3706 in
301 3673 369 3707 conc.
386 3654 482 3722 uocat]
501 3653 618 3708 absolute
635 3651 748 3717 dlcitur3
774 3669 799 3705 v.
816 3651 837 3711 I.
856 3652 902 3707 rr.
922 3652 1042 3707 Gronov.
1059 3649 1094 3705 ad
1119 3648 1222 3709 Livium

91 3719 192 3788 saepius
210 3727 238 3773 et
254 3723 395 3792 Wopkens.

161 3792 178 3854 5
197 3794 238 3845 10.
273 3793 313 3846 Iti
327 3792 383 3862 pn]
401 3794 420 3867 1Ι
433 3793 517 3863 Bong.
535 3794 572 3845 ili
587 3789 697 3854 omittit,
715 3789 760 3842 elii
777 3790 890 3843 nonnulli
908 3789 1006 3846 eiusde
1024 3788 1105 3858 Apud
1120 3806 1164 3865 pr.
1180 3787 1223 3856 (l)

160 3875 239 3938 516.
273 3879 379 3946 stirpem
395 3881 489 3951 regiae
505 3878 619 3944 salotis]
651 3875 698 3929 ero
716 3875 798 3943 Bong.
823 3883 850 3929 et
872 3877 947 3933 codd.
971 3881 1079 3944 praeter
1103 3872 1178 3928 mee.
1196 3873 1244 3936 2,»

91 3938 166 3992 Leid.
183 3941 216 4005 4,
243 3943 324 3998 Dore.
344 3950 368 4000 1.
385 3950 416 4012 2,
436 3949 495 4016 qui:
520 3950 610 4016 stirpis
626 3948 719 4016 regine
736 3948 865 4010 subolem,
895 3954 924 3999 ut
942 3946 1040 3999 editum
1058 3949 1098 3996 est
1117 3959 1135 3995 e
1152 3945 1224 3996 Gru·

91 4009 177 4062 novio.
211 4011 279 4064 lllud
303 4022 388 4066 tamen
413 4034 518 4085 prorsus
545 4018 577 4069 de
600 4033 670 4068 ruore
685 4015 786 4077 ,lustini
810 4022 865 4077 est,
895 4033 945 4084 per
963 4010 1158 4082 nuepetoydue
1175 4026 1223 4083 pre

90 4079 171 4149 stirps
185 4081 264 4149 regia
281 4080 393 4147 dictum,
410 4087 623 4154 quemadmodum
640 4082 825 4139 animadvertit
842 4083 920 4138 etiam
937 4086 1083 4154 Wopkens.
