2624 4606
124 224 295 289 ns·
483 170 1085 282 sosarnus·

143 376 306 437 ullostibus
329 396 441 455 quoque
463 394 574 436 arerem
596 375 697 448 annai,
720 374 884 435 aetatium
904 374 977 435 duee
997 373 1071 434 sires
1091 373 1253 437 Poenorum

143 464 345 523 9ueeidissent.
388 459 605 538 ltaque'Siciliae
622 459 732 538 populis
751 466 868 538 propter
887 461 1019 519 adsiduas
1032 459 1253 537 Carthaginien·

169 548 240 607 sium
256 547 367 607 iniurias
385 547 422 604 ad
435 546 608 617 Leonidam,
623 546 735 604 fratrem
755 546 830 621 regis
847 545 1063 623 Spartanorum,
1084 562 1253 607 conmmen-

167 633 242 691 tibus
253 650 341 709 grave
352 631 454 689 bellurn
467 637 579 702 natam,
599 631 629 688 in
646 648 704 705 quo
715 635 745 689 et
760 631 808 687 dia
831 635 861 688 et
873 630 948 688 varia
960 630 1076 687 uictoria
1087 630 1253 709 proeliatum

128 724 163 775 10
170 716 229 775 fait
270 717 344 776 Dum
363 717 431 774 haec
450 722 585 792 aguntur,
606 713 693 789 legati
706 734 723 772 a
736 715 839 787 Dario,
859 713 1008 772 Persarum
1027 733 1110 790 rege,
1131 716 1252 775 Cartha·

170 802 264 877 ginem
277 788 412 860 ienerunt
425 802 584 859 adferentes
599 800 734 872 edietum,
756 818 813 876 quo
828 798 914 857 Poeni
931 799 1066 857 humanas
1079 799 1185 859 hostias
1198 800 1252 860 im·

129 885 274 947 ttmolare
291 892 322 945 et
342 887 443 945 camna
464 885 537 944 vesei
556 884 788 961 prohibebuntur,
812 890 1038 959 nnrtaonunem
1053 902 1170 961 corpora
1191 904 1253 946 ere-

128 975 245 1049 ttmare
262 971 358 1051 potius
378 988 461 1045 quam
478 976 554 1028 terra
574 969 724 1027 obrueres
738 988 806 1045 rege
823 967 1006 1039 iubebantur,
1026 975 1157 1045 petentes
1169 969 1253 1029 sinu

128 1055 271 1115 tdaaxiiia
291 1055 425 1113 adsersus
447 1053 607 1123 Graeciam,
634 1054 680 1111 eui
696 1051 819 1113 illaturus
839 1052 940 1112 bellum
958 1052 1061 1113 Darius
1080 1058 1150 1115 erat.
1192 1054 1254 1114 Sed

169 1139 412 1216 Carthaginienses
432 1138 533 1197 arrailia
554 1144 690 1213 negantes
708 1143 824 1216 propter
844 1138 959 1196 adsidua
981 1136 1162 1199 finitimorum
1180 1136 1254 1201 hdie

169 1226 287 1300 ueteris,
308 1243 346 1301 pe
360 1243 412 1305 per
425 1223 519 1285 amaia
532 1231 708 1283 contumaees
722 1223 896 1297 viderentur,
915 1224 1015 1302 cupide
1027 1240 1156 1301 paratae.

127 1480 218 1549 ingm.
236 1478 360 1535 hibertus
375 1477 442 1531 Lien
458 1476 485 1529 in
505 1474 673 1539 Catuaiuais,
689 1480 722 1527 at
737 1471 788 1529 alia
804 1472 899 1541 multa,
916 1472 1017 1543 omisit)
1040 1474 1166 1545 Metam
1185 1476 1256 1531 Car-

127 1547 329 1673 thagipiensipp
345 1550 500 1621 dictatorem
517 1544 601 1609 dixit3
616 1542 676 1598 inde
693 1542 800 1610 Livias,
818 1544 879 1611 alli3
906 1560 931 1600 r.
945 1542 1074 1599 Boettlch.
1091 1546 1183 1600 (iasub.
1203 1564 1256 1601 uua

216 1656 222 1668 .
260 1656 266 1669 .
336 1634 349 1669 s
388 1655 396 1669 .

130 1619 339 1757 martinpel]
351 1634 465 1738 thlerrias
482 1682 598 1738 Danielis
616 1682 648 1736 ad
667 1680 772 1735 heaeid.
790 1681 838 1746 IV,
854 1683 905 1736 57:
934 1683 1047 1748 Quidum
1065 1685 1155 1738 dicant
1173 1687 1258 1751 Afros

128 1756 478 1877 {attitulata
496 1752 993 1889 litlati‘l'nttltllltt
1015 1755 1258 1878 '‘tt‘’ittilt‘

129 1842 274 1961 ,campan
290 1840 512 1959 amnicae
529 1890 736 1943 caueamus.
752 1918 788 1927 -
814 1889 939 1957 aaran]
959 1839 1040 1943 nil
1048 1893 1081 1945 s:
1099 1899 1134 1945 a.
1153 1893 1202 1948 aa.
1247 1861 1258 1889 ’
1297 1932 1299 1937 .

198 1964 215 2027 5
233 1964 258 2015 8.
293 1962 366 2014 Anao
390 1961 449 2013 fere
473 1961 526 2017 stu
549 1956 730 2041 Agrigentini,
757 1957 836 2011 Geloi
853 1964 880 2009 et
898 1958 1021 2010 Messenii
1039 1958 1209 2027 Sicilienses,
1224 1972 1258 2016 at

129 2028 163 2083 ah
188 2031 337 2097 Agathoclis
361 2027 483 2083 violentia
505 2044 535 2082 ss
559 2026 737 2091 sandicarent,
771 2026 871 2095 legatus
895 2027 1015 2094 Spartam
1041 2029 1147 2083 mittant
1170 2037 1200 2085 et
1222 2032 1257 2085 ab

128 2101 274 2164 Acrotutu,
289 2098 435 2153 Cleomenis
451 2097 521 2167 regis
538 2096 608 2158 lilio,
633 2094 729 2150 auxilia
746 2095 788 2149 adi
808 2097 941 2161 boantum
965 2099 1068 2150 tandem
1085 2116 1149 2153 vero
1169 2100 1259 2155 eiecto

75 2190 78 2197 ·
128 2182 164 2220 er
180 2167 286 2234 Sicilia,
303 2167 458 2221 conciliante
475 2166 567 2218 foedas
585 2162 731 2218 Hamilcare
748 2164 790 2217 hel
801 2180 841 2217 um
860 2180 916 2216 cuna
936 2167 1080 2232 agathocle
1096 2176 1259 2239 compununt

128 2234 156 2288 is
172 2236 220 2289 bas
236 2236 410 2290 conditionem
442 2242 472 2288 ut
489 2234 635 2297 Heraclea,
656 2232 759 2286 Selinos
784 2240 812 2286 et
834 2233 941 2287 Himera
957 2236 983 2286 in
1002 2236 1258 2307 Carthaginiensium

128 2304 227 2358 ditione
249 2313 436 2376 permanerent.
463 2302 802 2373 (succenturiatum.)
836 2303 912 2366 Quae
933 2312 1022 2357 nostro
1043 2305 1107 2359 loeo.
1123 2318 1259 2370 narratm,

128 2373 234 2428 diversa
251 2376 386 2446 placeres
400 2379 456 2435 est,
478 2372 580 2426 aliunde
602 2371 710 2443 ignota3
741 2388 801 2426 nam
823 2378 940 2443 tempora
961 2374 1004 2427 bic
1027 2376 1061 2429 ah
1082 2374 1260 2446 epitomatsrs

127 2443 228 2499 turbari
244 2444 314 2497 nulia
331 2461 388 2496 esse
423 2448 492 2495 otest
508 2438 630 2511 suspicio.
1283 2460 1288 2469 ·

146 2578 166 2632 n
198 2461 422 2633 lgnae'ffflllmi
444 2510 577 2565 Graevius
600 2507 696 2563 voluitr
724 2508 933 2573 decurrentibus
960 2508 1008 2564 sed
1025 2514 1097 2583 vulg.
1115 2521 1192 2570 reete
1208 2533 1255 2570 ex-

166 2596 209 2633 car
273 2600 289 2635 u
325 2596 379 2633 ens.

128 2595 146 2649 p
198 2651 271 2713 sta.
289 2599 422 2701 PEandem
446 2663 500 2699 rem
524 2644 722 2714 Theophrastus
739 2641 769 2698 ἐν
785 2647 825 2719 τῷ
842 2646 907 2717 περὶ
927 2649 1080 2719 Τυρσηνῶν
1096 2649 1131 2704 de
1150 2652 1256 2707 Gelono

128 2733 209 2784 rege,
226 2718 259 2768 ad
277 2716 407 2770 Himeram
424 2713 674 2783 Carthaginiensium
691 2715 805 2780 victore,
823 2728 991 2781 narraverat3
1015 2737 1047 2773 ae
1064 2737 1128 2773 vere
1143 2738 1191 2774 eos
1208 2723 1256 2777 ho·

129 2784 209 2837 mines
226 2784 356 2837 inmolare
374 2784 495 2837 desiisset
512 2784 582 2854 quod
599 2786 639 2837 St.
660 2784 737 2837 Cruis
754 2785 781 2837 in
799 2804 904 2840 eramen
922 2790 1032 2857 critique
1050 2807 1109 2858 pag.
1127 2792 1183 2845 280
1199 2791 1256 2845 siro

164 2853 217 2935 tias
233 2854 325 2907 maes
342 2853 379 2907 ibi
401 2853 520 2907 laudatus
545 2853 579 2907 ad
602 2869 647 2907 eus
669 2858 768 2909 maun
791 2855 1020 2925 Carthaginienses
1043 2856 1139 2922 retest,
1160 2860 1210 2943 ,pai
1228 2860 1255 2913 in

97 2961 103 2968 .
155 2920 259 2975 icalia
275 2922 446 2986 habitabant,
464 2939 521 2974 nam
540 2918 701 2994 Carthagine
717 2922 740 2976 is
758 2940 812 2976 mos
829 2940 911 2994 usque
929 2925 961 2979 ad
978 2926 1106 2981 excidium
1119 2929 1194 2981 urbas
1211 2946 1255 2983 re·

128 2994 216 3043 tentus
234 2996 290 3055 ests
313 2990 434 3045 v.'Cart.
452 2992 499 3055 lv,
517 2992 552 3054 3,
576 2992 645 3057 §23
671 3008 693 3042 u.
712 2996 765 3045 not.
783 2992 853 3047 Sam.
873 2993 980 3060 Pittaci,
998 3002 1026 3048 et
1048 2998 1076 3048 S.
1097 2997 1126 3052 C.
1145 3014 1254 3051 manea

128 3076 155 3130 p.
172 3062 229 3114 aab
242 3074 300 3131 sqq.
335 3060 376 3114 aa
392 3072 480 3114 nostro
499 3060 516 3113 i.
533 3058 578 3112 ille
595 3076 622 3130 p.
639 3060 691 3115 279
707 3060 826 3114 iudicat:
843 3080 871 3127 ce
888 3065 932 3131 qni
949 3072 988 3117 est
1005 3066 1254 3135 diaudslcprssuas

128 3132 250 3185 nasac
271 3131 305 3184 dc
326 3132 544 3190 adsentiremus
577 3144 663 3198 acqua
685 3128 848 3185 verisimilius
871 3149 930 3186 esse
954 3135 988 3187 ds
1004 3135 1151 3203 lphisrm,
1177 3150 1254 3207 quem

127 3197 195 3255 tuen
213 3199 374 3266 praestitisse
391 3200 478 3268 Porph
498 3198 553 3251 rius
569 3198 682 3252 retulit.-
957 3238 960 3243 .
981 3232 986 3238 -

189 3269 300 3336 Durio]
316 3268 457 3338 Hystaspis
475 3218 496 3320 {l
1220 3326 1223 3331 ¹

196 3338 213 3403 S
232 3340 273 3392 11.
309 3347 515 3405 mortuorumque
531 3335 605 3405 cett]
621 3332 691 3387 Tala
709 3335 822 3389 edietum
840 3355 855 3390 a
872 3340 961 3392 Persis
978 3338 1107 3410 proficisci
1124 3340 1253 3424 putuisse,

128 3406 174 3471 qui
192 3405 272 3475 pollui
295 3404 378 3474 ignem
404 3403 573 3458 cadaveribus
597 3402 648 3456 sihi
671 3404 877 3473 persuadebant,
905 3410 1020 3462 omnihus
1037 3408 1195 3465 incredibile
1210 3410 1252 3464 vi·

128 3491 201 3597 ἱῗὲιη
218 3490 305 3597 puppe
330 3474 486 3595 coniectporip
506 3475 1048 3600 Lpppsssr'anppdummessewstpptuemnt.
1084 3479 1171 3532 Codd.
1188 3478 1254 3533 albii

193 3562 217 3596 ra
343 3562 393 3601 arsa
734 3562 749 3595 e
842 3565 868 3598 sc
930 3566 1001 3601 ornas
1036 3564 1138 3604 emsa.

128 3610 146 3666 4
163 3562 470 3666 Gruaora'nsurtuullum
489 3628 586 3680 proque
604 3629 626 3663 o.
660 3560 787 3665 Errorerll
800 3614 979 3682 epitomatoris
996 3567 1078 3687 ibbius
1094 3550 1253 3688 interm

129 3680 260 3747 corrigere
277 3682 411 3736 videntur:
431 3680 451 3734 l.
471 3682 515 3733 Fr.
533 3678 635 3764 quidam
654 3678 804 3734 Gronovius
822 3689 848 3736 et
865 3685 1006 3753 Pignorias
1022 3686 1074 3739 sies
1094 3713 1125 3725 -
1137 3704 1252 3743 orassem

128 3749 377 3818 (prohibebantur),
410 3768 476 3821 quae
490 3758 579 3818 putans
596 3757 634 3811 t.‚·
663 3766 715 3802 van
733 3750 833 3820 Nispen
857 3761 885 3806 et
910 3755 962 3807 lac.
982 3757 1092 3807 Gronov
1109 3775 1117 3808 a
1136 3772 1252 3810 aramma

129 3818 268 3886 (prohib),
284 3822 420 3889 potiusque
436 3829 474 3882 t.,·
492 3818 682 3871 Freinshemius
697 3836 776 3872 voces
793 3840 811 3873 a
826 3840 890 3892 rege
905 3825 956 3880 iuli.
972 3824 1078 3888 delens3
1094 3825 1252 3879 Kircbman·

128 3902 176 3938 nris
200 3890 402 3956 transpositione
424 3891 574 3958 verberum:¹
598 3905 668 3955 curp-
686 3895 759 3942 terru
781 3893 870 3960 potius
895 3896 964 3959 uin,
990 3911 1068 3963 quum
1086 3912 1121 3947 or.
1141 3914 1163 3948 rr
1176 3913 1199 3949 s.
1216 3897 1261 3957 τ“.,·Δ

129 3956 316 4024 Wopkenaiuss
333 3975 448 4011 manure
464 3959 551 4021 soliti,
568 3958 622 4010 ium
636 3964 657 4010 t.
675 3974 699 4012 o.

128 4093 162 4146 nd
177 4025 274 4161 ,ζῇ
311 4029 402 4094 cupide
417 4027 490 4096 pua]
519 4026 578 4079 Viti.
603 4026 763 4098 Wopkens&
777 4027 820 4129 ¹sle
846 4047 876 4082 re
899 4030 1087 4086 Bernecceram
1111 4039 1140 4088 et
1163 4030 1259 4139 laudii.¹
