2624 4606
93 237 137 301 ss
439 208 906 293 'insuitur'

137 395 234 455 suctar
248 393 277 449 et
292 388 414 447 concitur
428 388 486 447 eius
505 386 586 462 beffi,
608 388 661 447 diis
679 387 787 466 petrice
805 384 939 465 ultoribus
958 404 1065 466 poenes
1083 395 1218 469 repeten-

137 476 219 535 tibus.
1023 534 1026 539 .

114 567 129 620 1
220 559 257 617 X.
279 559 388 616 Interea
400 562 429 616 et
440 556 558 630 Darius,
574 572 636 615 erun
648 554 750 615 bellum
760 559 945 629 restauraret,
960 556 989 614 in
1002 556 1066 635 ipso
1079 565 1220 637 apparatu

138 644 265 714 decedit,
287 641 387 700 relictis
407 642 500 700 multis
522 641 584 700 filiis
603 642 678 700 etin
698 660 786 717 regno
808 647 837 699 et
856 647 923 699 unte
938 660 1056 717 regnum
1071 644 1217 722 susceptis.

114 728 182 787 eux
194 729 237 786 his
249 727 410 785 Artemones
423 728 558 785 maximus
572 731 642 783 nutu
660 728 760 784 aetutis
773 723 917 804 privilegio
930 744 1046 801 regnum
1062 727 1114 786 sibi
1127 729 1220 789 vindi·

114 813 231 886 iethet,
244 811 320 887 qnod
332 811 375 868 ius
388 816 418 870 et
430 812 498 868 ordo
512 810 643 870 noscendi
658 818 687 868 et
699 816 799 868 nutura
813 809 874 887 ipse
886 811 1015 885 gentibus
1026 810 1113 870 dedit
1128 810 1219 873 Porro

139 896 244 956 Xerxes
262 897 473 954 controversiam
488 915 545 953 non
561 895 596 954 de
610 895 722 966 ordine,
750 895 801 952 sed
820 895 857 951 de
874 895 1006 952 nascendi
1022 895 1155 959 felicitate
1173 918 1219 958 re-

114 982 262 1041 tierebut:
285 994 399 1057 namque
411 980 564 1038 Artemeaen
575 981 690 1057 primum
702 978 806 1056 quidem
820 977 924 1054 Dareo,
946 980 992 1036 sed
999 983 1110 1058 priuata
1120 1000 1219 1059 prooe-

114 1070 225 1127 6ru'sse:
247 1084 274 1122 se
293 1068 353 1139 regi
370 1068 485 1142 priruunu
507 1069 608 1122 natum.
650 1062 760 1122 Fratres
776 1067 868 1141 itaque
887 1084 966 1136 suos,
990 1069 1038 1142 qui
1056 1070 1119 1123 ante
1130 1071 1219 1144 geniti

139 1155 239 1223 esseut,
258 1151 396 1226 puuctum
406 1152 610 1226 patn'monium,
625 1147 695 1227 quad
707 1166 736 1205 eo
751 1154 863 1226 tenpore
880 1148 984 1207 Darius
996 1150 1148 1226 tabuisset,
1165 1172 1217 1212 uon

140 1252 251 1311 regnum
272 1233 324 1290 siii
344 1233 480 1292 uindicare
494 1253 584 1312 posse:
609 1253 637 1292 se
652 1253 717 1307 esse,
740 1253 814 1311 quem
826 1236 942 1310 primm
956 1236 986 1293 in
1001 1253 1083 1311 regna
1101 1239 1158 1297 iate
1169 1256 1236 1307 tex,-

114 1327 132 1380 6
135 1325 215 1401 puter
235 1317 382 1376 sustulerit.
425 1318 492 1378 Huc
512 1319 647 1391 accedere,
675 1317 744 1396 quod
761 1319 911 1377 Arterueaes
929 1338 981 1377 non
1003 1325 1084 1398 putre
1102 1326 1217 1397 minut,

142 1404 187 1463 sed
200 1410 225 1462 et
238 1408 323 1461 matre
329 1406 456 1481 punctae
469 1404 556 1462 udiuc
565 1403 712 1482 fortunae,
725 1422 778 1462 auo
790 1423 892 1482 quoque
903 1409 1020 1463 materno
1029 1407 1141 1484 priuato
1150 1427 1216 1485 pro-
1235 1399 1238 1402 ⁵

116 1495 247 1549 iurentur
260 1491 313 1546 sit:
335 1509 361 1547 se
375 1508 435 1547 uero
455 1494 481 1547 et
495 1495 580 1547 matre
598 1490 692 1565 regina
710 1493 804 1547 uatum
822 1496 848 1547 ct
865 1494 970 1567 putrent
991 1508 1043 1546 non
1061 1493 1117 1549 uiri
1130 1510 1218 1568 regem

141 1567 242 1651 uidisse
247 1592 257 1643 ς
279 1592 360 1653 auum
382 1593 482 1652 quoque
497 1580 640 1641 muman
657 1573 755 1652 Cyrum
771 1593 799 1631 se
816 1592 903 1650 regem
918 1573 1056 1649 tabuisse,
1077 1594 1130 1633 uon
1145 1578 1219 1636 iere·

119 1659 218 1732 8dem,
243 1658 288 1716 sed
305 1657 461 1718 conditorem
473 1662 547 1718 tanti
558 1663 649 1735 regui:
672 1664 713 1731 et,
736 1661 802 1718 siin
815 1679 898 1736 aequo
917 1662 976 1717 iure
995 1666 1136 1737 eurumque
1149 1662 1218 1743 sra-

116 1743 136 1802 '9
144 1750 210 1813 trem
225 1750 304 1820 puter
322 1744 484 1822 reliquisset,
505 1750 622 1802 materno
637 1750 724 1801 tamen
740 1762 767 1802 se
785 1747 843 1803 iure
863 1750 888 1801 et
910 1749 985 1802 auito
1001 1749 1116 1813 uincere,
1154 1749 1220 1807 Hoc

144 1834 284 1889 certamen
302 1831 432 1889 concordi
449 1831 541 1887 animo
562 1831 598 1889 ud
614 1835 741 1906 patruum
758 1849 836 1887 suurn
849 1827 1058 1907 Artaphernen,
1077 1830 1161 1889 veluti
1181 1832 1219 1890 ed

103 1919 137 1971 10
147 1914 329 1973 domesticum
341 1915 474 1987 iudicem,
489 1914 629 1985 deferunt3
650 1913 697 1989 qui
710 1914 786 1971 dorni
798 1914 908 1989 cognitu
922 1932 1004 1972 cerusa
1015 1914 1124 1973 Xerxen
1136 1935 1218 1992 pree-

31 2048 35 2054 .
144 1999 250 2078 posuit:
279 1998 405 2074 adeoque
424 2001 546 2057 fraterna
565 1998 705 2058 contentio
724 1998 794 2070 suit,
821 2004 853 2056 ut
873 2018 925 2057 nec
946 2001 1034 2058 victor
1052 1998 1219 2059 iradiaverit

143 2102 197 2142 nec
215 2084 301 2141 victus
319 2083 452 2160 doluerit,
479 2085 596 2164 ipsoque
614 2082 670 2141 litis
685 2087 811 2161 tempore
829 2095 944 2142 munera
965 2085 1079 2143 invicem
1096 2085 1235 2171 miserint¹

102 2251 190 2305 vuer.
208 2251 241 2304 ns
260 2250 325 2303 uxo.
344 2249 419 2303 nur.
434 2249 468 2304 x.
488 2267 516 2320 p.
535 2251 596 2304 312.
617 2247 708 2320 etp.»
730 2250 776 2304 res
797 2233 853 2305 enm
872 2253 959 2304 nsum
974 2249 1105 2331 uranu
1117 2251 1221 2318 deero,

104 2319 162 2386 ulii3
180 2337 205 2372 v.
222 2318 332 2373 Meurrii
343 2318 447 2372 Pisistr.
462 2336 487 2388 p.
502 2319 552 2374 137
565 2335 623 2439 uqa.

171 2388 296 2457 esuritor]
315 2386 399 2442 Codd.
412 2389 510 2457 Bong.‚
529 2389 580 2440 Ox.
620 2425 642 2451 .,
659 2387 758 2440 (iotha
776 2384 909 2443 conditor,

138 2470 141 2475 ·
172 2458 204 2510 c:
223 2459 256 2511 X.
269 2461 297 2527 ὶἓ
316 2460 340 2512 1.
358 2457 466 2523 Darius]
488 2455 570 2509 Codd.
586 2456 668 2525 Boug.
682 2457 791 2528 ubique:
808 2460 917 2513 Dorceus.
971 2490 973 2495 f

171 2525 343 2592 restauraret]
370 2526 416 2580 Sic
434 2542 520 2576 ornnes
535 2524 610 2578 codd.
625 2532 730 2593 praeter
749 2527 932 2596 interpolatum
947 2527 1017 2582 ilium
1032 2525 1091 2580 coli.
1107 2524 1157 2590 N.,
1174 2543 1221 2579 ue·

103 2612 154 2679 qne
166 2595 243 2648 aliter
258 2593 370 2645 Iustinus
383 2593 410 2644 in
423 2592 536 2712 quinauc
548 2593 604 2646 eliis
617 2594 697 2658 locis,
712 2596 740 2648 in
758 2595 812 2651 ind.
828 2597 944 2650 Gronov.
964 2615 989 2650 v.
1009 2603 1119 2652 κείω.
1131 2613 1222 2648 recen-

103 2663 176 2726 eru's3
199 2663 226 2714 in
244 2662 284 2714 his
306 2661 420 2713 omnibus
436 2661 484 2713 cod
505 2662 665 2715 .uuctoritur
685 2681 772 2716 vocem
788 2673 899 2719 rectaur.
913 2671 990 2720 extre
1009 2681 1105 2719 omnem
1118 2663 1222 2719 dubitu-

101 2732 197 2786 tiouem
231 2730 294 2784 onit.
318 2730 494 2782 correxerunt
507 2736 590 2783 temen
601 2738 628 2784 et
647 2730 688 2784 hic
704 2733 769 2788 etin
784 2734 878 2787 ceteri·
893 2734 973 2788 locis:
991 2737 1103 2789 instaur.
1119 2752 1123 2757 ·

172 2803 188 2865 S
205 2748 231 2850 d
250 2801 415 2868 Artemeues]
440 2797 540 2863 Peria,
562 2804 575 2855 1
590 2801 690 2869 Bong.,
709 2802 796 2867 Creu,
818 2804 919 2869 Guttu,
936 2805 1016 2872 Prog.
1027 2822 1034 2855 s
1046 2810 1050 2817 '
1063 2806 1225 2859 Ariamenen·

104 2866 194 2932 Med,
213 2866 287 2920 Leid.
309 2868 334 2922 2.
358 2867 391 2930 5,
411 2867 540 2936 tuonga
564 2871 730 2934 Ariameues3
746 2879 784 2923 et
805 2871 845 2923 ric
866 2871 1037 2937 Blutsrchur;
1061 2872 1225 2926 Herodotuss

103 2934 150 3004 Ἀρ
160 2935 214 3006 cori
224 2955 242 2988 a
251 2937 266 2999 ζ
272 2930 373 3002 ciuem
396 2935 464 2989 idem
479 2936 539 2990 vivo
556 2938 640 2991 adhuc
654 2950 730 3007 putre
748 2957 803 2993 esur
819 2941 1018 2994 controversiain
1034 2949 1130 2993 motem
1147 2947 1174 2994 et
1192 2942 1225 2994 ub

103 3007 162 3131 {griso
174 3004 255 3127 Duri?
271 3004 410 3058 iudicatum
430 3005 529 3070 refert,
552 3006 690 3062 Demarato
707 3007 910 3073 Lacedaemonio
928 3008 1011 3071 Xerxi
1026 3010 1142 3069 rationes
1163 3010 1225 3064 suu

138 3076 236 3129 nietrun
251 3092 275 3127 e.

172 3142 258 3212 dedit]
275 3143 335 3196 Non
347 3147 388 3196 est
400 3142 428 3196 in
441 3142 550 3197 vetustis
564 3145 646 3216 Bong.

173 3216 190 3279 §
207 3214 233 3268 5.
250 3215 278 3266 in
290 3229 373 3283 regno
390 3213 444 3264 iam
464 3230 509 3266 rec
528 3214 574 3283 ru]
600 3213 695 3276 Omnia
713 3214 735 3266 si
753 3213 860 3277 iunctior
873 3213 962 3284 leges,
981 3228 1032 3274 non
1049 3210 1166 3271 offendet
1181 3211 1228 3269 hia

104 3283 281 3353 pleonasmus,
299 3282 350 3334 irno
371 3281 447 3334 decet
460 3281 550 3344 locum.
582 3282 661 3344 Quod
680 3288 770 3337 erett.
791 3284 849 3337 edd.
869 3287 1055 3352 reposuerunt,
1072 3282 1225 3350 quibuscum

104 3353 168 3404 iecit
182 3353 262 3404 Goth.
275 3369 332 3404 cum
344 3348 402 3417 otiis
417 3347 644 3404 trecentioribus:
662 3353 690 3405 iu
706 3369 832 3424 regnum,
849 3359 909 3422 pont
927 3367 984 3404 voc.
998 3351 1114 3421 primurn
1126 3349 1226 3404 incom-

104 3421 203 3474 modum
217 3428 257 3472 est
273 3427 300 3474 et
315 3436 366 3472 non
381 3437 427 3483 suo
440 3420 495 3483 locu
510 3420 632 3488 positum.
758 3444 765 3463 r
1134 3434 1152 3483 χ
1176 3429 1180 3434 ·

173 3492 189 3554 §
206 3489 230 3540 6.
249 3488 422 3558 unoquoque]
440 3488 519 3552 Med,
538 3488 622 3552 Bodi,
640 3487 755 3554 Leids,
775 3490 787 3542 1
805 3488 907 3557 Bong.=
926 3487 968 3541 ita
983 3505 1033 3541 aso
1048 3505 1155 3562 quoquc,
1267 3526 1270 3531 -

173 3561 190 3621 §
208 3559 232 3612 8.
250 3567 290 3622 et,
309 3560 385 3623 siiut
406 3557 497 3620 Goth,
516 3555 602 3619 cruc„
620 3559 707 3627 Prag,
729 3563 740 3610 1
756 3558 853 3630 Βοῦρα
870 3558 918 3623 itu,
933 3558 983 3613 etei
994 3558 1038 3621 iu,
1057 3572 1107 3609 non
1120 3557 1185 3610 mule
1198 3563 1227 3613 u

105 3622 222 3744 metiore?
239 3627 314 3679 codd.
334 3624 483 3696 diligentius
503 3624 673 3696 inspiciendir
697 3627 754 3680 coit.
771 3627 822 3683 Nu
839 3627 929 3697 itaque
941 3627 979 3691 si‚·
998 3626 1059 3681 edd.
1074 3632 1155 3681 tetta
1171 3628 1226 3680 ita·
1285 3691 1289 3696 .

123 3710 153 3746 ue
169 3701 226 3744 cis.
1294 3706 1297 3710 ’

106 3712 122 3762 q
175 3764 191 3826 §
209 3763 235 3823 9,
254 3763 445 3832 Artapheraen]
464 3761 510 3816 Sic
524 3762 650 3835 Bongnrr.
664 3763 813 3829 emendavit
825 3782 858 3818 ex
869 3764 1013 3819 Herodoto.
1032 3765 1128 3821 codd:
1145 3764 1239 3817 Artas
1265 3776 1269 3783 “

101 3832 207 3898 ferasin
215 3847 223 3893 ‚¹
242 3830 280 3881 sic
296 3832 372 3883 etiem
386 3833 461 3886 Vinc.
475 3832 539 3885 Beli
558 3833 677 3887 Gronov.
693 3849 707 3884 e
721 3832 774 3883 suis
785 3833 849 3902 nint!
862 3834 950 3896 effert.

120 3907 124 3917 ’
176 3901 192 3964 §
212 3902 251 3951 10.
270 3900 314 3966 qui
328 3901 399 3952 domi
410 3920 429 3952 o.
447 3919 468 3953 c.
484 3902 516 3953 X.
528 3904 633 3970 praep]
651 3900 752 3952 Desunt
765 3903 830 3954 haec
842 3903 869 3955 in
885 3903 960 3956 codd.
973 3902 1057 3970 Bong.

106 3968 418 4091 ssssd““i'in‘”iiii¹-
435 3970 723 4099 iitt‘trtitis
738 3972 809 4102 ‘iti
823 3969 1130 4100 ttitsttitt
1146 3967 1229 4092 5⁰:³3:

107 4106 229 4160 doluerit.
636 4106 640 4111 ’
850 4100 854 4107 ’
956 4104 963 4113 ’
