2624 4606
42 280 55 373 ἰ
138 274 203 342 1OE
491 269 894 334 IUSTlNi

120 452 122 457 ·
178 447 251 509 qnae
268 433 367 505 gentes
385 446 450 487 crum
469 426 583 487 armatis
606 425 751 501 octoginln
777 423 895 484 millibus
921 425 1048 503 pediturn
1067 431 1097 484 et
1113 427 1262 503 sexaginta

137 515 299 581 ,imillibus
312 513 436 590 eqrdtirnr
447 513 597 590 excipiunt.
640 509 712 569 Cum
723 508 829 588 proelio
847 510 934 568 victor
947 517 1038 583 esset,
1060 514 1211 571 exercituin
1223 515 1263 573 ad

154 601 277 663 amnem
298 617 394 658 einim
408 597 494 657 ducit.
537 596 630 664 Quem
648 595 787 654 desertam
804 595 1028 655 adelensoribus
1041 615 1104 654 eum
1119 598 1157 656 de
1171 618 1262 674 muro,

179 702 262 761 quem
275 683 379 762 primus
393 686 525 760 ceperat,
545 680 802 753 animadvertisset,
823 681 853 738 in
869 681 944 738 urbis
966 680 1108 758 planitiem
1119 684 1191 742 ‘sine
1205 684 1262 743 ullo

155 768 298 831 andire
310 766 420 826 desiliit.
454 767 630 843 ltaquecurn'
645 784 707 823 eum
727 765 824 824 hostes
845 765 933 847 solnm
954 767 1182 842 conspexissent,
1204 768 1263 829 cla-

57 907 59 911 .
178 872 256 913 more
269 853 346 913 edito
361 852 486 927 undique
500 856 682 922 concurrunt,
704 849 727 907 si
740 851 851 928 possint
866 851 896 908 in
916 869 971 908 uno
991 850 1080 927 eapite
1094 852 1169 910 orbis
1187 853 1264 913 bella

104 930 108 937 ¹
156 937 262 998 liinite
275 943 305 996 et
315 936 449 995 ultionem
463 941 507 994 tot
519 935 648 1012 gentibus
662 935 738 993 dare.
780 934 843 994 Nec
857 935 948 993 minus
959 932 1117 1005 Alexander
1130 945 1263 996 constan-

107 1096 110 1103 1
154 1027 225 1083 dier
238 1023 341 1082 restitit
350 1026 380 1080 et
393 1039 464 1078 unus
480 1016 611 1079 adiersus
630 1025 674 1078 tot
690 1018 775 1078 millia
795 1019 954 1098 proeliatur.
995 1020 1162 1081 Incredibile
1184 1025 1263 1084 dictu

180 1112 242 1181 est,
265 1111 297 1165 ut
313 1124 377 1165 eum
392 1124 450 1163 non
463 1104 609 1165 multitudo
622 1103 762 1178 bostium,
784 1123 842 1162 uon
862 1105 905 1162 uis
924 1123 1026 1179 magiis
1046 1105 1180 1181 telorum,
1203 1128 1263 1169 non

180 1198 275 1252 taulus
289 1189 482 1250 lacessentium
492 1189 598 1249 clamor
616 1190 759 1249 terruerit:
781 1189 856 1247 solus
874 1195 918 1247 tot
928 1189 1013 1248 millia
1027 1191 1157 1250 ceciderit
1170 1211 1203 1251 ac
1218 1196 1262 1252 su·

155 1277 313 1356 9gaverit5
337 1274 395 1333 Ubi
415 1294 480 1333 vero
502 1274 582 1332 obrui
600 1273 776 1332 multitudine
795 1293 827 1333 se
846 1275 931 1348 vidit,
953 1280 1048 1332 trunco
1071 1296 1118 1348 se,
1141 1277 1262 1352 quitum

31 1350 35 1357 Δ
141 1367 297 1441 10propter
310 1379 416 1418 murum
430 1360 537 1432 stabnt,
558 1358 706 1436 applicuit:
731 1359 808 1416 cuius
821 1358 919 1417 auxilio
933 1364 1008 1416 tutus
1023 1379 1083 1418 cnm
1099 1361 1146 1418 diu
1160 1379 1263 1437 agmen

181 1445 372 1517 susllnuisset,
392 1445 504 1503 tandem
519 1445 630 1520 cognito
649 1442 846 1521 periculosius
868 1445 948 1502 amici
968 1445 1005 1502 ad
1029 1464 1091 1503 euru
1114 1446 1262 1507 desiliunt:

141 1535 173 1589 11
182 1548 217 1590 ex
229 1530 327 1606 quibus
340 1527 419 1587 multi
431 1529 522 1602 eaesi,
544 1527 735 1606 proeliumque
744 1530 850 1587 tamdiu
862 1547 964 1607 anceps
982 1529 1049 1602 suit,
1064 1533 1157 1606 quoad
1170 1534 1261 1590 omnis

141 1615 316 1675 isserercitus
335 1613 419 1671 muris
440 1613 554 1673 deiectis
571 1615 599 1671 in
615 1612 743 1671 auxilium
763 1615 877 1673 veniret.
919 1614 953 1672 ln
973 1633 1007 1673 eo
1028 1616 1132 1692 proelio
1157 1618 1262 1694 sagitta

184 1699 234 1757 sub
254 1715 374 1757 mamma
393 1698 540 1769 traiectus,
567 1717 628 1756 cum
648 1699 789 1775 sauguinis
810 1701 885 1757 fluxu
904 1699 1050 1771 deiiceret,
1073 1721 1147 1776 genu
1168 1704 1262 1781 posito

182 1787 242 1842 tam
259 1783 307 1841 diu
324 1779 473 1858 proeliatus
493 1788 553 1856 est,
575 1783 663 1844 donec
687 1803 768 1858 eum,
789 1802 808 1841 a
822 1803 878 1860 quo
893 1783 1051 1844 vulneratus
1065 1787 1168 1861 fuerat,
1189 1789 1263 1848 occi·

31 1932 35 1937 ,
143 1872 176 1931 13
183 1868 270 1927 deret.
312 1866 428 1925 Curatio
441 1867 562 1926 vulneris
573 1868 683 1943 gravior
696 1869 759 1946 ipso
774 1867 887 1946 vulrrere
898 1870 957 1927 suit.

159 1957 174 2012 1
267 1950 303 2009 X.
324 1950 423 2028 ltaque
436 1973 470 2012 ex
485 1971 587 2029 magna
600 1953 793 2031 desperatione
806 1955 918 2013 tandem
933 1953 1017 2012 saluti
1035 1956 1159 2014 redditus
1178 1956 1262 2034 Poly-

181 2035 333 2119 perelpouta
345 2055 405 2097 eum
418 2038 537 2098 exercitu
550 2037 735 2123 Babyloniam
749 2039 848 2099 mittit:
865 2039 926 2119 ipse
941 2059 1003 2099 cum
1017 2038 1163 2103 lectissima
1178 2062 1263 2104 mann

141 2222 276 2279 nerduino
294 2222 518 2295 (x11,6(1a))r
536 2223 565 2278 in
581 2223 719 2292 Sydracis,
741 2223 788 2277 ubi
805 2223 848 2277 bie
865 2223 976 2292 populus
993 2227 1102 2277 vocatur
1118 2227 1263 2294 expeditio·

141 2312 202 2348 nasa
218 2297 361 2349 Alerurrdrr'
383 2296 524 2356 terminasse
554 2295 621 2347 idem
640 2293 691 2356 VI,
715 2295 751 2349 23
764 2293 844 2362 (aba
868 2294 1005 2362 Spndroer‘.
1047 2293 1129 2355 codd.
1159 2297 1262 2350 Curtii:

141 2366 277 2417 Sudrueus
292 2364 422 2434 (Freinslr.
440 2364 473 2417 ed
490 2362 545 2427 IX,
557 2360 592 2428 4,
612 2362 660 2430 1);
686 2379 728 2431 ap.
745 2362 886 2415 Diodorum
912 2362 977 2415 adeo
1001 2362 1049 2414 Συ
1059 2381 1074 2428 ρ
1085 2381 1103 2416 οι
1113 2365 1258 2433 κοῦσαι,

141 2449 165 2487 e.
176 2424 227 2498 983
243 2433 288 2486 alii
304 2441 376 2486 recte
396 2433 562 2501 Oxydrncas,
580 2449 644 2501 quos
661 2431 751 2485 laudat
768 2430 879 2485 Pitiscus
896 2432 930 2485 ad
948 2432 1025 2487 Curt.
1040 2433 1088 2500 IX,
1105 2431 1130 2488 4.
1145 2442 1198 2487 not.
1210 2434 1263 2500 423

141 2501 208 2556 adde
224 2502 332 2555 anian.
350 2503 383 2558 D.
400 2502 480 2554 biert.
500 2500 554 2564 14,
574 2505 589 2565 S
607 2503 632 2556 5.
868 2504 873 2511 '

209 2568 271 2635 sl.
303 2573 391 2624 ariera
408 2571 512 2636 eorum]
531 2569 686 2633 Maliorumr
702 2586 728 2621 r.
745 2569 902 2627 Freinshem.
920 2569 954 2624 ad
970 2571 1043 2626 Curi.
1061 2569 1114 2632 iil,
1129 2567 1164 2630 4,
1182 2574 1199 2634 §
1217 2573 1262 2627 26.

86 2632 92 2647 “
210 2639 270 2704 55.
305 2640 434 2692 dormtum
450 2656 468 2691 u
486 2639 661 2704 defensoribus
676 2639 751 2707 cett]
778 2640 916 2709 Reiugisse
933 2640 999 2694 enim
1015 2639 1113 2692 incolae
1130 2638 1260 2704 videntur,

141 2722 199 2761 eum
216 2706 325 2760 hostium
342 2707 382 2759 sis
397 2707 431 2758 de
448 2723 521 2759 muro
538 2706 685 2774 ingrueret3
702 2709 936 2763 animadvertentes
953 2717 1038 2762 autern
1051 2725 1100 2760 non
1112 2708 1176 2761 adeo
1190 2708 1261 2776 peri-

128 2775 252 2829 -uuiosam
270 2792 380 2844 pugnarn
398 2776 456 2828 iore
478 2791 511 2828 ex
535 2775 641 2828 latebris
665 2787 848 2845 provenerunt.
883 2779 992 2832 Frustra
1012 2778 1094 2846 igitur
1119 2777 1262 2842 „absurdi-

140 2845 203 2899 tatis
211 2849 230 2876 “
247 2851 359 2897 nostrum
376 2844 522 2897 insimulare
539 2845 658 2897 ridentur
675 2846 821 2900 Glareanus
839 2854 866 2901 et
883 2847 1071 2900 Freinshemius
1086 2847 1118 2899 ad
1133 2847 1263 2911 Cornix,

140 2915 175 2979 5,
190 2915 217 2970 2.
252 2913 320 2966 Mire
337 2930 392 2967 mss.
410 2914 493 2983 Bong.
507 2920 539 2985 et
555 2913 613 2968 coll.
632 2914 663 2968 (i.
681 2914 728 2968 G:
754 2918 886 2970 desertam
902 2919 991 2971 diebus
1007 2919 1096 2969 tribus.
1127 2947 1141 2968 2

210 2983 325 3107 Ἑόοοὲὶίἰι]
343 2983 389 3037 Sin
405 2983 489 3055 Bong.
507 2988 535 3036 et
551 2983 666 3037 oodienm
683 2983 759 3055 eopia
775 2986 866 3040 maior.
902 2987 1036 3038 Gronov.=
1055 2986 1174 3047 desiluit,
1193 3002 1218 3052 q.
1238 3003 1264 3038 v.

140 3068 224 3188 ms
242 3125 269 3178 t.
304 3121 419 3189 restitit]
443 3119 488 3175 ste
508 3120 584 3174 codd.
607 3138 694 3174 omnes
715 3126 743 3176 et
766 3121 825 3177 edd.
847 3128 910 3176 anta
926 3121 1004 3183 Ald.;
1027 3118 1182 3183 rectissime,
1206 3138 1265 3175 narn

140 3189 267 3244 narrantis
285 3190 335 3244 hoc
352 3198 391 3244 est
409 3196 437 3244 et
453 3208 495 3244 res
512 3197 585 3258 gesta
603 3192 637 3242 nd
654 3190 786 3245 historiam
805 3193 960 3261 pertinens,
973 3189 1033 3240 inde
1049 3194 1132 3239 auteur
1151 3188 1266 3258 scriptor

5 3273 23 3321 ·,
140 3252 175 3312 a'd
192 3259 320 3329 picturam
337 3259 476 3330 pugnantis
493 3259 632 3311 Alexandri
651 3277 801 3329 progressus
818 3269 880 3327 apte
896 3257 1030 3327 subiungit
1048 3274 1169 3325 praeseus
1185 3276 1264 3326 proe-

141 3330 230 3381 liatur.
264 3328 349 3397 Vulgo
366 3335 474 3382 auctore
490 3328 591 3381 Fabror
608 3331 722 3395 resistit,
746 3329 815 3400 quod
832 3328 963 3381 Graevius
982 3345 1014 3380 ex
1032 3327 1182 3395 „optimu“
1201 3329 1265 3381 lun-

140 3396 197 3451 tinn
211 3414 257 3450 sua
273 3397 442 3452 commendat.

207 3468 267 3531 58.
302 3468 440 3535 occiderit]
459 3466 556 3534 Bong.r
575 3466 724 3519 caeciderit.
1084 3486 1091 3497 ‘
1217 3522 1222 3535 ,

209 3537 226 3600 S
243 3539 269 3591 9.
304 3538 348 3605 pul
364 3543 419 3589 tam
433 3544 543 3604 propter
558 3536 604 3602 nn]
623 3535 668 3588 Sic
686 3536 769 3603 Bong.
786 3551 803 3585 e
820 3532 887 3598 suis,
904 3535 921 3589 3
940 3534 1081 3604 inglorurn
1099 3538 1128 3586 et
1145 3533 1200 3586 sine
1218 3533 1266 3588 du-

140 3600 185 3656 bio
202 3602 303 3671 piures3
329 3621 413 3673 neque
430 3605 510 3668 scias,
535 3622 581 3656 cur
597 3611 708 3657 recentt.
725 3603 884 3667 deleverint,
908 3622 964 3658 cum
981 3602 1133 3658 sententiam
1151 3605 1266 3675 apprime

141 3670 248 3724 adiuvet
263 3680 291 3726 et
312 3672 427 3730 definiat.
462 3675 516 3727 lem
539 3673 565 3726 in
592 3672 667 3726 codd.
692 3674 785 3740 Bodi.,
813 3674 910 3738 Gora,
934 3674 1027 3739 Creo,
1051 3674 1131 3742 Preg.
1150 3675 1266 3727 omissum

118 3781 121 3790 .
140 3739 232 3802 videor
247 3740 277 3792 in
293 3741 352 3795 edd.
370 3749 454 3796 auteur
472 3743 585 3797 omnibus
603 3741 774 3797 desideratur.
1208 3764 1211 3769 ·

210 3812 287 3874 511.
321 3814 401 3864 muris
419 3814 544 3881 deiectis]
570 3811 718 3877 „Dolabris
743 3815 895 3882 perfregere
919 3809 1048 3865 rourum‘i
1070 3810 1146 3862 cort.
1164 3810 1219 3875 IX,
1238 3811 1264 3877 5,

141 3879 218 3945 519.
253 3879 384 3934 Graevius
400 3887 485 3935 umen
504 3881 636 3936 eitiunt:
656 3881 784 3945 deiectae,
803 3900 858 3935 eoin
877 3900 905 3935 se
921 3882 1058 3935 deiecisset
1079 3880 1153 3948 (did.
1171 3880 1268 3934 retinet

142 3946 282 4014 mento,-
295 3949 333 4002 ric
350 3967 399 4003 non
416 3950 496 4004 solun
514 3953 612 4020 Magi,
630 3947 675 4000 sed
693 3947 763 4001 Med.
782 3968 891 4020 quoque.

209 4015 242 4069 C.
260 4017 293 4069 X.
312 4022 329 4084 S
347 4022 371 4073 i.
406 4020 629 4089 Polyperchonte]
647 4017 968 4083 verecundarentur
987 4037 1037 4072 non
1056 4018 1125 4088 legit
1143 4018 1267 4071 redvers

142 4101 198 4138 esse
214 4084 334 4151 rideturp
347 4104 408 4149 pani
426 4090 475 4143 boe
494 4089 554 4159 ipso
567 4096 684 4157 tenpore
699 4081 752 4154 τὴν
768 4086 1000 4158 Πολυπέρχοντος
1016 4085 1098 4154 τάξιν
1109 4115 1145 4129 -—
1159 4089 1272 4156 lipara·

5 4184 9 4191 ·
78 4176 82 4181 ·
142 4153 182 4225 opi
200 4147 280 4224 ἅγιον
291 4153 461 4227 aperientes
477 4157 582 4213 Anien.
603 4157 654 4223 v1,
669 4156 703 4226 5,
721 4159 739 4223 S
757 4159 801 4213 11.
825 4184 830 4192 ·
