2624 4606
100 231 188 305 soe,
451 223 865 327 '1usT·1=Ns1
921 278 924 285 .

102 370 369 460 superseminaverit,
396 383 582 456 apaaoamt.
626 379 683 439 Sed
701 399 748 440 nec
765 379 929 441 Macedonas
948 386 1034 442 uslai
1046 383 1157 462 samu,
1178 387 1218 446 red

102 466 320 544 ltpraecentilus
345 465 447 522 uiribus
471 464 663 524 aestimandos:
691 470 756 543 qaia
779 486 828 524 noa
850 486 910 525 cum
928 466 1083 527 Mandro
1105 469 1218 548 Magno,

144 569 218 628 quem
231 553 360 608 invictam
376 549 533 621 audirent,
554 569 600 607 aec
613 569 673 609 com
690 554 808 608 exercitu
831 554 903 624 eins,
925 555 973 628 qni
987 557 1073 612 totum
1089 555 1218 614 Οτίειιὲω

102 639 136 695 12
144 635 292 707 deuicerat,
314 633 408 690 bellum
419 639 529 707 gerant:
553 634 599 692 red
610 654 671 692 cuce
683 633 824 712 Philippo,
841 654 922 711 puero
936 639 1097 698 immoratae
1113 644 1218 714 aetati,

39 766 43 771 .
144 721 192 798 qui
202 720 281 793 regni
294 717 551 776 terminoeadoerrar
567 721 701 795 finitimos
719 738 798 794 aegre
814 719 956 796 defendam
983 726 1009 779 et
1023 741 1084 781 cum
1098 724 1144 782 lis
1157 724 1217 784 Mc·

17 848 21 857 .
103 807 136 860 13
144 803 297 874 emantur,
317 805 365 880 qui
379 821 430 860 noo
439 805 482 860 ito
488 801 591 878 pridem
605 802 723 879 praedae
739 802 877 861 Dordareis
889 803 1012 880 fuerunt.
1054 805 1124 866 Illos
1138 812 1218 868 maio

103 886 202 946 14runr
216 887 326 959 deeora,
348 905 375 943 se
387 905 493 944 suorum
507 885 623 945 miiitum
636 905 838 947 conmemorare.
870 885 933 947 Non
945 893 1013 947 enirn
1027 890 1084 950 ulio
1103 896 1217 953 accrate

95 994 98 1001 ’
143 968 324 1032 Hannibalem
342 976 368 1028 et
383 970 482 1028 Poenas
495 976 521 1027 et
539 977 623 1028 totam
636 971 724 1048 ferme
736 972 919 1046 Occidentem,
936 973 981 1030 sed
994 974 1037 1031 lis
1050 978 1136 1053 psci,
1158 996 1216 1055 qnos

23 1066 53 1093 s
104 1061 174 1116 liin
197 1060 256 1116 acie
282 1055 394 1140 lateat,
424 1055 555 1114 mlada
576 1056 708 1114 salaciae
747 1057 801 1115 His
824 1057 1061 1118 adhortationibus
1082 1061 1218 1138 utrimque

144 1142 271 1205 concitati
283 1139 382 1199 milites
395 1140 500 1217 proelio
512 1146 690 1211 concurrunt,
713 1140 792 1199 alteri
806 1141 947 1213 Orientis,
967 1142 1045 1202 alteri
1057 1144 1217 1207 Occidentis

144 1227 259 1304 imperio
272 1224 436 1300 gloriantem
457 1227 632 1300 serentesque
643 1224 673 1282 in
685 1223 787 1283 ballum
806 1225 850 1282 alii
867 1226 1002 1285 maiorum
1016 1246 1131 1293 suonnu
1150 1229 1217 1291 aad

145 1329 228 1388 quam
251 1314 279 1368 et
301 1308 455 1368 obsoletam
476 1308 611 1384 gloriam,
637 1308 684 1366 alii
702 1309 834 1368 virentem
852 1311 1009 1369 recentibus
1027 1314 1219 1390 mannen&

104 1395 255 1454 16rirtutis
274 1394 380 1457 florem.
429 1394 488 1451 Sed
507 1392 677 1452 Macedonas
702 1392 831 1452 Romana
852 1396 963 1453 fortuna
988 1396 1061 1455 vicit.
1103 1398 1217 1461 Frustra

24 1472 28 1482 “
104 1485 137 1538 17
146 1481 241 1555 itaque
253 1476 327 1536 bello
342 1477 485 1554 Philippus
501 1494 571 1554 pace
588 1494 607 1533 a
622 1476 779 1535 Flnnmmo
801 1478 913 1536 consule
930 1479 1018 1556 petita
1036 1499 1144 1541 noman
1160 1483 1217 1560 qni·
1306 1506 1308 1515 ¹

146 1565 210 1623 dem
226 1562 332 1637 regiam
349 1562 476 1620 retinuit:
505 1562 556 1620 sed
571 1562 703 1629 omnibus
728 1561 862 1621 Graeciae
885 1563 1020 1638 urbibus,
1045 1564 1123 1625 velut
1142 1565 1218 1642 regri

145 1647 273 1707 membris
295 1651 371 1704 extra
385 1645 515 1704 terminos
529 1646 659 1720 antiquae
672 1648 870 1722 possessionis,
892 1647 997 1705 amissis
1014 1648 1104 1708 solam
1124 1649 1216 1709 Mace·

104 1732 258 1791 laconiam
270 1730 390 1787 retinuit.
433 1730 542 1788 Offensi
556 1735 649 1789 tamen
662 1729 771 1802 Aetoli,
792 1733 868 1806 quod
883 1750 939 1791 non
952 1750 986 1790 ex
997 1733 1112 1790 arbitrio
1124 1752 1217 1792 eorum

95 1838 97 1843 ·
145 1814 311 1876 Macedonia
325 1831 435 1888 quoque
449 1815 561 1871 ademta
577 1812 637 1888 regi
657 1819 685 1873 et
702 1813 768 1877 data
780 1814 836 1891 ¹sibi
850 1815 879 1873 in
893 1814 1045 1893 praemium
1057 1816 1124 1881 belli
1137 1823 1216 1889 esset,

146 1899 253 1976 legatos
268 1897 305 1955 ad
321 1895 485 1954 Antiochum
497 1899 624 1970 mittunt,
648 1896 695 1972 qni
715 1916 777 1956 cum
798 1899 956 1958 adulatione
976 1901 1175 1976 magnitudinis
1191 1903 1216 1961 iu

144 1984 272 2045 Romana
285 1980 357 2041 bella
368 2000 419 2060 spe
432 1983 571 2041 societatis
584 1982 727 2041 umrersae
745 1982 879 2043 Graeciae
892 1983 1072 2063 inpellerent

170 2200 187 2264 §
205 2199 247 2250 11.
283 2196 614 2266 audieram-deuicerat]
632 2197 707 2251 Hanc
724 2196 798 2252 codd.
817 2199 898 2267 Bong.
917 2203 1023 2267 praeter
1039 2198 1115 2252 unius
1129 2198 1218 2252 lactio-

104 2282 160 2319 nem
177 2266 347 2320 reducendam
364 2267 416 2318 iam
434 2267 579 2319 Beneckius
597 2267 678 2330 vidit,
697 2284 722 2335 q.
737 2268 772 2319 ci.
792 2268 938 2318 Gronovius
956 2285 971 2319 e
988 2266 1090 2332 9snis,
1106 2269 1218 2337 thop·

103 2336 193 2399 leina,
219 2335 310 2405 quibus
328 2333 373 2387 alii
390 2335 518 2387 accedunt
533 2342 668 2399 assantes,
693 2336 782 2388 sedin
800 2337 912 2390 audiant
929 2352 993 2388 nnus
1009 2341 1110 2395 tantum
1126 2336 1218 2405 Boug„

103 2403 131 2456 in
147 2405 271 2459 devicerit
288 2404 350 2456 fort.
369 2403 471 2472 plures=
490 2405 601 2456 audiant
615 2433 647 2443 -
665 2405 797 2457 devicerit.

172 2477 189 2538 S
209 2475 249 2527 li.
281 2474 380 2540 puero]
399 2488 461 2523 sone
479 2489 529 2523 non
547 2472 620 2536 seni,
638 2471 684 2524 sed
702 2471 872 2541 quadraginta
889 2488 1011 2525 annornm
1029 2470 1094 2526 viro.
1105 2499 1138 2510 -
1156 2470 1218 2523 Post

86 2558 163 2594 mss.
180 2542 279 2609 Bong.=
296 2541 394 2591 hisdem
412 2541 496 2592 Dard.
531 2540 623 2606 praga
642 2541 687 2608 qni
701 2557 754 2594 non
770 2543 828 2604 ita,
845 2549 875 2593 ut
890 2542 1007 2608 pridem,
1020 2543 1142 2606 sumni.
1168 2539 1218 2593 Ρο-

104 2617 199 2662 strema
215 2626 267 2662 vox
284 2607 310 2677 in
329 2607 442 2659 omnibus
461 2608 558 2676 Bong.‚
576 2608 674 2674 Goth.,
693 2607 768 2662 Grac.
786 2609 824 2663 itu
840 2609 944 2678 legitur.
970 2607 1118 2662 Gronovius
1135 2613 1218 2662 tamen

37 2726 41 2737 ,
104 2697 121 2731 e
137 2695 228 2731 novem
247 2677 289 2744 (t)
307 2675 501 2740 suiscsaerint.
854 2706 860 2710 -

172 2750 189 2811 s
208 2747 250 2800 13.
285 2744 349 2798 Mes.
367 2743 464 2811 Bong.=
483 2744 578 2796 decora
594 2756 654 2797 esse.
680 2743 755 2806 Non3
779 2745 831 2798 al.=
848 2747 902 2801 dec.
918 2745 1070 2815 perdidisse
1095 2743 1157 2798 Non
1174 2743 1219 2813 (ob

92 2813 321 2868 termmmiooem:
337 2811 438 2879 orare).
980 2870 985 2877 ,

174 2887 190 2947 §
209 2883 252 2937 16.
285 2880 364 2947 aicit]
381 2879 414 2932 ad
433 2878 660 2946 Cynoscephalas3
676 2898 702 2935 v.
719 2880 800 2952 Bong.

171 2955 188 3016 ἓ
209 2952 250 3006 17.
285 2966 303 3001 a
320 2948 453 3011 decretio
470 2964 530 3000 mse.
549 2948 631 3016 Bong.
664 2990 667 2997 .

175 3016 318 3086 Graeciae]
341 3018 383 3069 lta
399 3016 467 3069 inter
484 3016 674 3084 Bongarslanos
692 3022 870 3072 annotantem
888 3016 1005 3081 Cuiacii3
1027 3017 1074 3070 sed
1092 3017 1222 3070 Gronorii

104 3100 190 3143 omnes
207 3094 312 3158 praeter
328 3089 346 3140 2
362 3085 470 3149 Leidd.,
486 3086 583 3152 Goth„
602 3086 679 3140 Grac.
704 3087 792 3141 Ceteri
810 3088 939 3159 „optimae
956 3091 1052 3140 notae“
1069 3101 1114 3154 ap.
1127 3086 1222 3157 Bong.',

45 3172 48 3181 ·
79 3216 85 3227 ,
103 3160 199 3228 Prap,
216 3155 274 3210 edd.
292 3162 352 3209 ante
370 3154 426 3208 Aleta
444 3154 475 3208 in
492 3155 668 3223 Tioraciae
685 3156 863 3220 consentiunt,
881 3158 1036 3208 adversante
1051 3153 1173 3208 historia.

172 3226 249 3294 §18.
285 3243 315 3279 ec
332 3223 432 3292 arbita]
455 3222 606 3278 5Gronov.
624 3219 839 3292 praepositionem
859 3226 989 3293 ignorant.
1016 3250 1051 3262 -
1073 3223 1128 3276 Res
1145 3240 1223 3276 accu-

13 3358 16 3363 .
103 3300 303 3350 rata‘trsctatnr
320 3299 347 3345 et
364 3293 427 3362 qnid
445 3292 547 3343 nimium
565 3292 599 3345 sit
615 3291 642 3345 in
659 3295 807 3349 nutatione
823 3293 915 3347 lustini
933 3291 1078 3349 ostenditur
1091 3308 1109 3346 a
1121 3288 1221 3346 Christ.

104 3367 176 3420 Luca
191 3364 236 3418 lib.
254 3379 333 3432 saepo
349 3361 366 3413 l.
385 3377 412 3432 p.
428 3363 480 3417 128
496 3376 553 3430 sqq.
