2624 4606
320 226 516 335 nls'lson„
540 235 631 297 nm.
653 236 731 297 xxi.
761 237 856 299 cAP.
877 245 907 305 2.
929 242 958 304 8.
981 239 1010 303 4·
1165 240 1231 305 888

99 391 259 468 „agnabus
276 396 338 447 uoto
350 393 486 448 ciuitatem
503 391 662 449 solventibus
677 390 782 466 fraudi
799 397 880 464 esset,
903 393 1034 451 decretulo
1049 392 1187 472 seruent:
1231 410 1233 416 ·

104 476 218 555 Neque
232 480 310 549 uirgo
327 476 446 549 nuberet,
461 479 619 552 priurpuom
637 475 701 533 illae
722 481 828 535 moritis
847 477 1020 535 traderentur.
1063 478 1215 538 Probatoti

101 562 236 632 consilio,
261 579 318 636 quo
342 566 371 618 et
396 563 582 638 superstitioni
610 566 640 620 et
657 560 809 637 pudicitiae
827 563 963 637 virginum
983 562 1187 637 consulebatur,
1249 622 1255 629 ,
1279 633 1281 637 Ι

101 648 229 708 certatim
258 663 355 702 omnes
381 646 499 704 feminae
524 645 676 723 impensius
698 652 848 704 exornatae
867 649 896 704 iu
914 645 1047 723 templum
1072 648 1187 709 Veneris

98 732 283 793 conveniunt:
305 748 374 804 quas
396 749 491 789 omnes
514 729 663 805 Dionysius
682 731 809 788 immissis
830 731 959 789 militibus
979 731 1080 809 spoliat
1101 738 1211 792 orna-7

100 822 252 891 meritaque
270 819 457 872 matronarum
470 815 499 872 in
521 815 657 892 praedam
678 833 755 873 suam
771 816 860 875 vertit.
905 816 1095 884 Quorumdam
1111 818 1211 877 viros8

100 899 375 969 ditiores-interlicit3
397 901 531 975 quasdam
552 901 589 956 ad
609 896 770 976 prodendas
787 901 906 959 virorum
919 901 1049 978 pecunias
1063 907 1185 976 torquet.

101 987 176 1046 Cam
193 985 236 1042 his
259 984 365 1041 artibus
384 1003 436 1060 per
455 998 542 1041 annos
557 1002 606 1043 sex
627 990 789 1060 regnasset,
810 986 1014 1063 conspiratione
1033 984 1210 1044 Locrorurn9

99 1071 212 1130 civitate
227 1067 323 1146 pulsus
337 1068 365 1125 in
378 1067 497 1126 Siciliam
506 1069 594 1127 redit.
638 1068 680 1126 lbi
695 1070 846 1147 Syracusas
864 1072 966 1129 securis
979 1070 1104 1128 omuibus
1117 1062 1183 1148 pist
1194 1076 1227 1130 to

99 1156 215 1232 longam
228 1152 460 1230 intercapedinem
474 1154 549 1231 pacis
564 1173 616 1231 per
624 1155 809 1230 proditionem
823 1157 935 1234 recepit.

187 1238 234 1296 [V.
255 1237 331 1296 Dum
349 1238 417 1296 haec
436 1239 465 1295 iu
484 1238 747 1314 seiungamus,
768 1241 877 1298 interim
898 1242 926 1298 in
947 1238 1038 1299 Africa
1052 1239 1206 1318 princepst

99 1321 373 1399 Carthaginiensium
388 1322 491 1380 Hanno
512 1343 580 1400 opes
601 1342 680 1396 suas,
703 1324 802 1400 quibos
823 1325 894 1384 vires
916 1324 1082 1402 reipublicae
1102 1342 1184 1402 supe·
1235 1355 1238 1362 ·

98 1411 195 1481 rabat,
216 1409 259 1464 'ad
276 1408 464 1485 occupandam
483 1409 701 1467 dominationem
719 1409 839 1468 intendit
860 1428 1032 1485 regnumque
1052 1410 1184 1468 invadere
1204 1436 1206 1441 ·

97 1494 246 1553 interiecto
262 1497 359 1550 senatu
372 1487 486 1550 conatus
498 1499 552 1551 est.
595 1493 648 1551 eoi
661 1493 755 1554 sceleri
773 1494 924 1553 solemnem
936 1495 1099 1570 nuptiarum
1108 1487 1208 1553 'diemt

98 1577 174 1637 filiae
188 1595 256 1635 snae
268 1576 352 1651 legit,
374 1582 405 1634 nt
419 1576 553 1652 religione
576 1584 700 1637 votorum
714 1580 835 1638 nefanda
850 1584 1005 1638 commenta
1020 1577 1124 1636 facilins
1137 1586 1186 1638 te·.

98 1667 240 1739 gerentur.
282 1662 383 1737 ltaque
399 1661 473 1739 plebi
490 1661 587 1740 epulas
601 1663 630 1719 iu
643 1663 758 1740 publicis
777 1650 944 1740 porticibus,
964 1665 1073 1721 senatui
1087 1665 1116 1720 iu
1132 1665 1207 1720 ‹io-s

53 1751 56 1755 ’
97 1766 146 1807 mo
160 1765 210 1804 sna
224 1753 318 1823 parat,
343 1753 375 1803 ut
391 1747 496 1824 poculis
512 1767 619 1807 veneno
640 1749 748 1806 insectis
769 1751 901 1807 secretius
919 1757 1046 1807 senatum
1072 1756 1100 1806 et
1121 1749 1182 1808 sinc
1249 1804 1265 1821 ,

98 1832 211 1891 arbitris
226 1832 392 1890 interficeret
410 1832 560 1908 orbamque
571 1833 774 1910 rempublicam
794 1833 899 1897 facilius
918 1835 1075 1891 invaderet.¹
1114 1831 1207 1900 Quat

97 1937 131 1976 re
143 1917 348 1991 magistratibus
364 1934 414 1993 per
425 1917 566 1974 ministros
578 1919 692 1993 prodita
712 1917 800 1977 scelus
820 1918 1002 1995 declinatum,
1023 1937 1080 1976 non
1092 1917 1182 1976 vindi·

96 2008 191 2061 catum
205 2006 263 2073 est,
285 2019 322 2058 ne
341 2002 370 2057 in
392 2001 449 2057 viro
471 2006 528 2058 tarn
551 2000 657 2077 potenti
675 2002 737 2077 plus
758 2003 864 2077 negotii
879 2005 984 2061 faceret
1003 2020 1048 2059 res
1069 2005 1180 2078 cognita
1212 2004 1216 2009 ’

97 2105 182 2163 quam
201 2085 333 2159 cogitata.
376 2085 508 2143 Contenti
522 2086 617 2160 itaque
635 2085 791 2143 cohibuisse
812 2088 922 2144 decreto
942 2087 1053 2159 modurn
1069 2090 1205 2164 nuptia-5

92 2190 159 2243 ‘ram
178 2169 312 2229 sumtibus
332 2175 472 2239 statuunt;
501 2171 584 2244 idque
603 2169 742 2227 observari
764 2189 821 2226 non
839 2172 875 2227 ab
896 2191 968 2243 uno,
990 2171 1039 2229 sed
1062 2173 1099 2228 ab
1118 2173 1178 2228 uni-

96 2255 186 2314 versis
201 2255 312 2326 iubent,
335 2274 372 2311 ne
392 2273 512 2331 persona
527 2255 693 2329 designata,
716 2274 772 2312 non
791 2255 859 2312 vitia
873 2261 992 2312 correcta
1011 2256 1178 2312 viderentur.

96 2340 163 2399 Hoc
181 2338 294 2398 consilio
314 2344 480 2416 praeventus
499 2340 596 2397 iterum
613 2339 735 2411 ‚servitia
756 2342 877 2396 concitat
905 2345 1062 2413 statutaque
1082 2340 1202 2395 rursusli

98 2422 226 2482 caedium
239 2423 298 2497 die,
315 2442 376 2481 cum
395 2423 487 2481 denuo
504 2443 534 2482 se
544 2424 683 2502 proditum
698 2424 814 2497 videret,
827 2425 932 2483 timens
945 2423 1074 2492 iudicium
1087 2424 1178 2481 muni·
1210 2474 1213 2479 .

167 2661 184 2722 §
202 2659 228 2711 9.
262 2674 310 2726 per
326 2674 408 2709 aanor
424 2659 485 2724 seo]
510 2656 565 2709 sioe
587 2656 667 2712 dubio
689 2674 738 2727 per
756 2658 861 2728 plurem
891 2672 937 2727 per
955 2656 1041 2709 decem
1058 2655 1100 2709 vel
1118 2655 1219 2710 minimo

96 2733 171 2780 certe
188 2726 332 2795 pauciores.
367 2726 419 2777 Hic
436 2743 497 2780 sane
514 2727 548 2778 de
565 2727 870 2798 corruptioneantiquae
886 2726 1045 2796 scripturae:
1071 2742 1120 2796 per
1137 2742 1220 2780 anuos

97 2798 126 2849 X
140 2813 200 2866 rog.
217 2795 244 2847 iu
262 2813 342 2848 aanor
359 2795 481 2847 coelicet
498 2796 626 2864 cogitare.
1061 2812 1064 2817 ·

89 2914 92 2919 .
166 2869 183 2930 5
203 2867 256 2918 10.·
278 2865 394 2932 recepit]
414 2864 458 2917 Sic
475 2864 574 2930 Boug.‚
592 2864 689 2927 Goth„
706 2863 796 2918 (isaar
815 2862 883 2934 quod
902 2880 931 2916 eo
949 2862 1029 2932 magis
1044 2863 1220 2917 necessarium

96 2939 153 2999 est,
170 2934 232 3002 quia
248 2933 275 2985 in
293 2934 341 2985 boo
357 2932 473 2984 facinore
490 2932 595 2983 Siciliae
612 2932 689 2983 rebus
707 2933 808 2985 modum
826 2933 943 3002 imponit,
961 2940 1022 3001 post
1034 2932 1220 3002 digressionem

96 3002 130 3056 ad
149 3002 251 3055 easdem
269 3004 409 3055 rediturus.
445 3001 487 3052 Ob
511 3000 630 3068 superius
654 3002 724 3055 redit
748 3010 872 3053 mutatum
896 3008 936 3054 est
953 3002 1013 3054 inde
1030 3003 1063 3054 ab
1082 3002 1174 3054 Aldina
1191 3001 1219 3052 in

71 3073 205 3140 ,rectem
223 3071 291 3141 quod
309 3070 458 3123 Gronovius
475 3068 502 3121 in
520 3072 536 3124 6
553 3068 718 3138 interpolatis
733 3069 834 3122 invenit
851 3071 891 3136 (r.
909 3070 1051 3137 Addeud-J.
1080 3070 1123 3121 lta
1139 3068 1219 3136 igitur

94 3141 146 3194 hoc
161 3149 268 3194 auctore
282 3139 388 3207 legitur.
1205 3177 1210 3183 .

165 3209 197 3262 (t
212 3208 259 3262 iV.
294 3208 427 3261 Hannonis
445 3208 493 3260 boc
509 3205 655 3274 inceptum,
678 3203 705 3258 in
731 3205 794 3258 solis
817 3203 936 3258 historiis
958 3203 1111 3273 Philippicis
1128 3219 1218 3257 serra-

95 3286 149 3331 tum
167 3282 194 3330 et
211 3279 244 3330 ab
262 3277 358 3329 Orosio
375 3277 435 3328 iude
450 3275 587 3344 repetitum
605 3275 652 3340 IV,
670 3293 693 3328 c.
712 3277 737 3329 6.
755 3293 780 3343 p.
798 3274 858 3338 227,
879 3274 939 3343 poni
965 3273 1043 3326 debet
1065 3274 1133 3327 inter
1151 3289 1218 3326 mot-

94 3356 147 3401 tem
164 3345 268 3400 maioris
284 3345 404 3415 Dionysii
429 3352 457 3398 et
478 3344 569 3396 initum
595 3360 650 3396 eum
677 3344 839 3396 Timoleonte
862 3345 971 3406 bellum,
1005 3357 1086 3395 annos
1110 3340 1218 3410 proinde

93 3419 147 3471 ³68
165 3423 191 3468 et
208 3415 259 3469 345
277 3433 301 3468 a.
321 3415 353 3471 C.
390 3416 457 3468 Mira
478 3412 649 3483 incogitantia
674 3415 739 3466 haec
755 3430 802 3467 ‘res
820 3414 853 3466 ab
878 3420 985 3465 auctore
1008 3411 1133 3464 historiae
1151 3411 1217 3463 Gor*

93 3485 214 3555 tbugioir
231 3485 308 3554 plane
325 3483 418 3537 omissa
435 3487 483 3534 est.

94 3575 99 3583 ·
164 3555 224 3617 §L
262 3556 298 3606 ud
316 3553 508 3620 occupandam]
526 3549 590 3610 Mes,
609 3551 709 3618 Bong.‚
727 3552 745 3605 Ξ
763 3551 892 3606 Gronov:
910 3551 939 3603 ia
957 3567 1009 3603 ooo.
1114 3586 1116 3593 ι

51 3630 55 3635 ’
91 3646 94 3651 ·
163 3624 224 3687 §2
252 3622 351 3690 filiae]
376 3623 470 3673 Oros:
490 3623 584 3672 uoiooo
601 3621 694 3688 filiae,
715 3625 822 3676 temere.

163 3693 226 3757 §50
260 3693 409 3756 observari]
430 3691 492 3742 Mss.
514 3691 615 3756 Bcug.:
633 3689 741 3741 savari

163 3779 215 3812 nou
232 3762 316 3828 uitia]
336 3760 381 3811 Sic
398 3760 482 3826 Bong.
499 3758 555 3810 sine
573 3776 599 3811 v.
618 3757 635 3810 i.
653 3763 681 3810 ct
697 3754 841 3826 4Wopk.;
859 3753 1008 3808 Gronovius
1025 3751 1058 3805 de
1075 3751 1128 3812 suis
1140 3751 1217 3821 plane

91 3836 174 3894 tacet,
191 3835 311 3899 tanquam
331 3829 482 3880 exhiberent
499 3829 545 3880 sert
562 3829 642 3890 citio,
661 3834 691 3879 ut
707 3833 768 3895 post
785 3825 926 3878 Graevium
944 3840 976 3876 ex
993 3821 1052 3875 edd.
1068 3829 1133 3875 vett.
1150 3821 1216 3890 legi-

91 3909 153 3964 tur,
177 3898 246 3967 quod
264 3905 337 3952 recte
355 3897 504 3948 Schefferus
521 3903 550 3948 et
565 3897 706 3965 Wopkens.
725 3912 774 3946 non
797 3911 861 3965 opus
879 3910 937 3947 esse
954 3892 1091 3954 viderunt3
1120 3891 1159 3943 ita
1175 3898 1216 3942 ta-

91 3985 166 4031 men,
184 3968 217 4019 ni
229 3968 320 4031 fallor,
339 3967 416 4018 Creo.
434 3974 461 4018 et
478 3965 571 4033 Prag.;
590 3967 672 4017 Goth.
691 3964 795 4016 dubium
813 3965 903 4017 vocab.
921 3963 997 4031 plane
1014 3959 1104 4013 nescit.
1130 3958 1216 4010 Codd.

91 4037 222 4106 scriptura
239 4036 401 4090 correctione
418 4035 470 4086 ista
487 4042 576 4103 aperte
593 4034 683 4087 melior
700 4041 727 4085 et
744 4031 874 4100 scriptore
887 4042 974 4084 nostro
992 4030 1111 4100 dignior3
1127 4033 1216 4080 tuetur

91 4106 170 4160 etiam
188 4105 433 4161 Saidenstuedrorus
455 4104 482 4156 iu
501 4105 623 4174 Rupertii
640 4110 669 4156 et
687 4101 829 4157 Solrliobtlr.
849 4103 947 4157 Gomm.
962 4100 1029 4171 pust.
1049 4099 1079 4152 V.
1097 4115 1123 4167 p.
1136 4099 1159 4172 (5
1174 4113 1214 4166 sq.
1284 4168 1287 4173 Ι
