2624 4606
91 246 156 307 ssa
198 317 202 323 ,
455 232 469 300 I
510 241 540 301 a
581 240 603 299 s
646 239 675 300 r
716 222 858 301 1'N-1
909 272 912 276 -
1210 334 1214 341 Ι

198 391 556 455 sacrasacra
592 354 865 455 andronas
900 389 1106 455 rasrrnr

408 500 686 574 SECUNDUM
715 508 901 572 CAPITA.

129 671 155 731 1.
180 664 362 725 Massilienses
381 685 432 744 pro
457 663 666 724 Phocacauihus
690 662 763 741 opud
784 661 922 722 Romanos
940 662 1126 742 deprecaretur.
1160 664 1212 727 lla

178 752 272 833 gihon,
297 755 345 830 pai
363 751 489 809 adrasus
510 749 687 808 Aristonicum
708 747 817 806 auxilia
837 747 971 821 tulerant,
988 753 1114 826 proma
1127 750 1214 810 allo·

179 837 266 894 nanis
285 836 427 914 persoluto.
460 833 628 910 Tragoedias
645 836 675 891 in
696 832 869 909 Cappadocia
890 836 917 890 et
930 831 1026 892 Ponto.
1049 832 1216 897 'Mithridati

179 921 353 997 Euergetas,
375 920 459 979 Ponti
476 922 551 996 regi,
572 916 690 999 succedit
710 916 888 978 Mithridates
900 917 1044 995 'Eupaton

130 1008 159 1069 2·
181 1005 310 1065 Eiusdem
327 1005 429 1085 futura
449 1004 607 1081 magnitudo
624 1003 781 1081 praedicto,
803 1005 1002 1079 occupationes,
1023 1004 1158 1064 vaano.

130 1093 158 1152 8.
180 1090 311 1148 Eiusdem
333 1106 381 1150 res·
395 1097 503 1167 gestae,
523 1096 549 1146 ct
570 1089 643 1147 dorni
660 1089 696 1145 ah
715 1106 799 1145 uxore
814 1087 971 1164 periculum.
1076 1100 1079 1105 '
1187 1102 1191 1109 ·

128 1174 157 1237 4.
181 1168 312 1234 Eiusdem
339 1180 468 1253 caeratio
488 1174 640 1246 militaria,
671 1171 856 1250 Cappadociae
881 1178 907 1230 et
927 1171 1057 1234 Galatiae
1083 1177 1217 1255 occupatio

58 1282 63 1291 ¹
182 1264 263 1338 atquc
283 1262 423 1342 superhuni
440 1262 571 1320 Romanis
590 1275 747 1338 responsant.
1121 1258 1126 1270 '

554 1434 761 1450 w

116 1588 130 1640 1
216 1583 239 1643 Ι.
263 1545 368 1663 Capto
380 1582 535 1644 Aristonico
549 1556 737 1669 Massilienses
750 1601 801 1660 pro
816 1579 1025 1640 Phocaeensibus
1032 1580 1057 1657 *‚
1073 1582 1219 1642 conditori·

140 1667 193 1724 bns
209 1669 283 1740 sais,
304 1688 421 1744 qnorum
435 1670 530 1728 urbem
547 1675 705 1747 constasse
720 1685 802 1726 omne
817 1684 936 1740 nomen,
958 1668 1035 1742 qnod
1056 1673 1087 1726 et
1097 1673 1177 1748 *tnnc
1193 1674 1219 1727 et

141 1757 225 1809 antea
241 1752 367 1811 Antiochi
382 1752 452 1825 bella
466 1755 568 1813 intesta
582 1760 679 1812 contra
693 1750 825 1830 populum
831 1751 987 1809 Romanum
1002 1769 1081 1810 arma
1093 1751 1219 1826 tulerant,

143 1835 229 1894 deleri
243 1838 381 1910 iusserat,
401 1837 510 1914 legatos
525 1839 642 1896 Romam
659 1839 837 1919 deprecatum
851 1836 951 1894 misere
967 1836 1134 1912 venamque
1151 1837 1219 1895 hisa

116 1922 244 1978 tsenatn
268 1923 421 1981 obtinuere.
470 1923 540 1980 Post
562 1923 632 1981 haec
651 1922 779 1997 regibus,
807 1920 856 1996 qui
879 1920 1010 1978 adversus
1025 1919 1218 1980 ¹Aristonicum

141 2004 242 2064 auxilia
260 2005 399 2080 tulerant,
426 2008 549 2084 praemia
569 2006 724 2086 persoluta:
752 2005 909 2063 Mithridati
926 2004 1041 2063 Pontico
1061 2004 1220 2084 Phrygia**

141 2090 245 2164 maior3
267 2090 330 2148 filiis
348 2090 517 2167 Ariarathis,
537 2093 611 2168 ragis
632 2091 844 2170 Cappadociae,
867 2090 914 2165 qui
938 2090 1037 2148 eodem
1055 2090 1132 2149 beIIo
1154 2092 1220 2150 occi·

117 2175 239 2250 Sderat,
261 2175 403 2251 Lycaonia
422 2182 453 2235 et
474 2176 569 2235 Cilicia
591 2168 689 2247 datae3
714 2174 876 2251 fideliorque
893 2174 1010 2252 populus
1030 2173 1220 2235 Romanusin

143 2261 209 2318 socii
229 2246 299 2320 tilios
319 2280 401 2338 qnam
416 2268 506 2321 mater
520 2263 549 2321 in
561 2261 664 2320 liberos
680 2260 748 2319 tuit:
769 2259 874 2339 quippe
892 2259 954 2318 hinc
973 2258 1094 2339 parvulis
1114 2266 1220 2320 arctim

207 2388 221 2418 *
243 2382 419 2446 Phocensshas
537 2388 566 2421 *¹*
588 2384 673 2467 Spin

102 2512 308 2528 m

171 2592 201 2643 C.
219 2592 241 2644 1.
266 2595 283 2658 §
302 2595 326 2646 1.
359 2608 409 2660 pro
427 2590 614 2660 Phocensihns]
633 2590 679 2644 Sic
696 2590 772 2645 codd.
791 2596 895 2656 ornnes,
912 2591 938 2647 h.
956 2591 974 2643 I.
993 2599 1020 2645 at
1036 2591 1107 2644 inira
1126 2587 1220 2657 XLIII,

41 2684 44 2691 ·
101 2663 133 2724 3,,
151 2663 168 2726 S
186 2661 219 2724 43
245 2661 290 2713 aad
309 2659 336 2713 hi
353 2670 413 2712 sunt
429 2661 529 2712 incolae
547 2660 670 2712 Phocidis
691 2660 718 2713 in
744 2661 874 2728 Graecia,
898 2676 949 2712 non
972 2660 1110 2714 Phocaeae
1127 2662 1221 2716 Asiati·

102 2746 166 2791 aaes
189 2729 305 2781 restituit
321 2728 402 2796 igitur
420 2728 570 2789 Gronovius
588 2729 631 2781 ati
648 2742 739 2781 anesus
758 2730 968 2783 Phocaeensibus.
996 2733 1029 2783 nt
1045 2728 1162 2783 librariis
1175 2733 1222 2784 hoc

101 2797 192 2848 vitium
214 2813 247 2848 an
264 2797 504 2865 scriptoritrtbnas
522 2797 590 2851 iusta
607 2796 734 2853 dubitatio
749 2806 801 2853 ests
825 2816 883 2853 nam
899 2797 949 2865 ipsi
966 2798 1076 2851 Romani
1094 2800 1161 2853 haec
1177 2816 1222 2853 no-
1254 2856 1256 2861 ‚

102 2865 170 2934 mina
188 2867 374 2934 permutavissa
391 2867 529 2932 ridentum
555 2867 588 2921 da
606 2884 658 2937 qua
673 2882 704 2921 re
721 2864 797 2933 vide,
822 2882 887 2939 quoa
905 2860 971 2919 beria
989 2868 1031 2920 hic
1049 2867 1157 2931 adducit
1173 2870 1222 2922 Ba·

102 2934 226 2996 neckius,
250 2935 361 3004 interpp.
386 2936 419 2988 ad
446 2935 504 2989 Lis.
523 2935 555 3002 V,
581 2936 631 2998 34,
655 2937 672 3001 ἕ
695 2938 728 3000 83
763 2934 830 2989 adde
856 2936 1046 2991 Taschuckinrn
1071 2936 1107 2990 ad
1131 2938 1222 2991 Melam

102 3002 160 3060 vot,
178 3002 225 3055 111.
247 3003 278 3055 P.
299 3007 323 3060 1.
341 3021 367 3072 p.
385 3007 445 3060 510.
469 3006 500 3058 P.
518 3007 544 3059 2.
564 3023 589 3075 p.
607 3004 675 3071 Ite,
694 3005 728 3058 at.
745 3023 788 3075 ap.
803 3003 942 3058 Plautinum
959 3007 1086 3059 Temaux
1103 3006 1139 3060 da
1151 3008 1223 3061 Mas·
1241 3018 1247 3023 “

101 3073 163 3126 sitia
180 3090 206 3142 p.
223 3072 249 3126 8.
267 3080 321 3124 not.
339 3074 365 3128 5.
403 3074 521 3127 Phocaea
548 3076 695 3144 propinqqa
718 3074 811 3127 Leucis
836 3081 892 3136 est,
924 3073 992 3126 unde
1015 3074 1174 3143 potissimum
1192 3077 1223 3129 ab

101 3141 359 3263 »gnatonicoRbellnm
375 3144 534 3197 movebatur.
556 3173 588 3185 -·
604 3144 670 3199 Mas.
686 3144 784 3212 Bong.=
801 3150 894 3196 contra
910 3160 986 3196 arara
1001 3152 1033 3207 t.,
1049 3143 1152 3221 amissis
1163 3161 1223 3199 ver·

120 3228 142 3263 rs
219 3249 225 3262 .
270 3229 318 3263 ons.

161 3229 239 3399 lxv
266 3280 436 3350 Mithridati]
458 3281 562 3349 quinto,
587 3296 661 3350 cogn.
679 3277 836 3348 Euergetae.
872 3277 916 3333 Gt.
935 3279 1047 3350 Eutrop.
1066 3280 1114 3342 lv,
1132 3285 1151 3337 9
1168 3283 1222 3336 aoth
1247 3276 1249 3280 ⁴

173 3365 181 3399 ι
303 3386 309 3398 .
632 3392 635 3397 ,

102 3349 249 3484 omsgyrih
264 3351 360 3483 hahita]
378 3415 408 3469 Id
419 3417 502 3486 Boug.
517 3417 592 3470 codd.
604 3433 692 3473 onnes
710 3418 845 3486 praebant,
866 3415 953 3480 Grac,
968 3417 1051 3469 Goth.
1063 3433 1096 3468 ac
1106 3418 1164 3471 aina
1178 3418 1220 3472 dn·

102 3485 144 3538 bio
162 3486 238 3538 etiam
257 3485 433 3564 Gronpviani:
451 3493 541 3553 aperto
559 3502 667 3551 errore,
691 3484 895 3569 archimimus,
917 3487 969 3538 nisi
985 3487 1076 3551 fallor,
1094 3486 1141 3539 Pr.
1159 3491 1223 3541 Asa·

102 3556 174 3617 lanus
193 3555 308 3608 correxit
323 3572 339 3606 e
356 3553 514 3617 XXXVIII,
530 3557 564 3619 5,
582 3558 599 3620 S
616 3556 650 3627 β,
667 3555 712 3608 uIn
729 3553 896 3606 Mithridates
910 3555 1042 3624 Eupatorr
1060 3556 1110 3608 sihi
1124 3559 1224 3627 papilla

102 3625 263 3677 maiorem
287 3623 474 3692 Phrygiam
497 3623 656 3686 ademerint,
680 3640 757 3691 priam
778 3625 851 3691 patri
868 3641 914 3676 suo
934 3625 1080 3694 praemium
1097 3625 1223 3678 clati-'ad-

101 3710 191 3745 ncrsus
212 3693 387 3746 Aristonicum
409 3692 507 3745 ooatttt-
523 3699 707 3745 concesserant.
751 3692 824 3744 Adde
848 3693 961 3760 Appian.
986 3693 1102 3746 Mithrid.
1123 3697 1164 3749 12
1182 3695 1224 3750 57.

103 3761 186 3812 Error
210 3762 298 3814 mirum
320 3760 370 3812 nisi
395 3758 486 3813 Iustini
513 3759 696 3814 existimandus
721 3760 782 3812 erit.
811 3761 907 3813 'Secuti
924 3770 986 3814 sunt
1002 3762 1121 3815 Aldinam
1140 3779 1224 3816 omnes

103 3829 215 3898 interpp.
242 3830 311 3882 Edd.
330 3835 408 3882 vetti
422 3831 501 3897 Syria
517 3831 609 3882 raiaor.
633 3828 708 3882 Unus
726 3830 817 3898 Bonga
835 3832 942 3900 Syrias,
961 3840 988 3884 ct
1003 3833 1099 3884 ardori
1116 3849 1149 3885 ea
1157 3834 1224 3902 filiis

79 3952 83 3957 ,
105 3900 150 3949 Ar.
172 3925 205 3938 -
228 3899 397 3966 Ariarathis]
420 3899 504 3962 senti,
522 3898 596 3951 Philo
632 3898 706 3954 toria.

172 3968 188 4029 ἓ
206 3969 231 4021 s.
259 3968 427 4036 fideliorque]
446 3967 575 4033 6Gron.,
621 3968 690 4022 otha
701 3967 852 4036 filiaequae
869 3969 887 4022 3
904 3985 936 4020 ex
953 3967 1044 4035 iisdem
1058 3973 1086 4021 at
1100 3969 1223 4039 lBonga

103 4035 301 4157 lhdmhhoffi'
320 4038 389 4105 quod
406 4036 567 4091 memorabile
584 4042 640 4101 eat,
662 4036 686 4088 ai
703 4054 754 4092 non
772 4053 804 4089 ax
821 4036 972 4106 conpendia
990 4038 1018 4092 in
1033 4038 1083 4091 has
1099 4054 1167 4093 roca
1183 4055 1223 4093 aa

112 4119 182 4156 roo
252 4143 258 4158 .
282 4122 289 4135 Χ
