2624 4606
15 208 237 343 ’ω1
463 249 865 311 rusrrnr

57 466 60 471 .
153 430 221 491 puer
242 408 406 486 reliquerotr
433 398 737 482 temetqueiuferios,
759 423 827 482 quoe
849 403 976 463 luteast
998 416 1110 463 courum
1135 411 1241 466 riortts.

112 497 146 555 14
153 496 237 556 Tunc
247 496 324 574 ipsos
339 492 479 551 ministros
494 491 668 564 adgreditur:
689 490 744 548 eiii
766 489 870 566 qurum
888 489 928 546 ait
947 494 1067 566 optutum
1087 489 1151 549 olim
1170 511 1243 553 mor-

153 587 221 650 terr5
242 579 287 639 seri
301 576 358 636 illie
372 575 478 634 acesim
489 576 627 633 cruciatur
643 574 743 632 etdtrc
755 574 1049 652 suppliciamentum,
1063 579 1113 652 qui
1122 576 1243 637 Acerrae

153 684 236 742 opes„
250 680 363 741 quorem
374 679 419 739 epe
426 659 605 736 pummsiim
619 678 668 717 rer
683 659 800 737 fecerit,
820 662 956 718 orontius
972 663 1084 737 tyronus·
1097 661 1244 723 nituere

66 732 72 745 ’
112 753 215 809 15riut.
256 748 321 806 Hoc
334 752 412 804 metu
426 745 555 802 omuibus
574 743 674 802 iniecto
693 745 807 802 comites
822 746 907 819 fugae
923 746 1040 822 accepit
1082 744 1245 824 Iunguntur

85 842 91 851 '
154 842 185 895 et
203 837 362 893 senatorum
384 831 414 887 iu
433 846 495 888 sam
517 835 627 888 noctem
645 835 814 909 praeparatu
834 829 960 905 agmins3
989 836 1077 907 atque
1095 832 1137 890 ita
1153 834 1243 909 sacris

153 917 306 989 Hercrrlis,
332 914 408 974 mins
435 915 564 973 sacerdos
586 914 709 973 Acerbas
728 914 820 975 fouet
832 954 842 987 ,
876 913 1000 993 repetitis
1028 914 1124 974 exsilio
1153 918 1242 977 sedes

114 1054 116 1059 .
193 1007 300 1062 flemis
1054 1044 1057 1049 ·
1095 1032 1098 1037 “

114 1022 193 1145 lss'qu
239 1086 272 1146 V.
295 1085 403 1144 Primus
415 1082 468 1144 illis
483 1083 615 1162 appulsus
629 1089 721 1144 terroe
730 1084 845 1167 Cyprus
858 1083 948 1142 insule
959 1084 1026 1143 fuit:
1046 1085 1095 1145 ubi
1109 1086 1244 1146 saeuos

19 1188 24 1197 ·
88 1196 91 1201 ·
156 1172 231 1232 loris
251 1190 313 1230 crum
332 1170 493 1245 coniugeet
511 1170 603 1229 liberis
623 1169 739 1230 deoru·
757 1170 864 1227 monitu
875 1169 1002 1228 comitem
1019 1188 1052 1229 se
1065 1170 1175 1230 musso
1195 1190 1244 1230 so-

157 1259 285 1333 ciumque
299 1256 428 1315 ronome
442 1254 588 1332 praebuit,
605 1250 773 1333 pactus'sibi
784 1254 959 1331 posterisque
970 1261 1135 1333 perpetuum
1152 1254 1245 1314 horso-

113 1339 223 1402 arm
234 1340 389 1401 sacerdotii.
433 1339 568 1397 Couditio
584 1359 635 1417 pro
654 1340 804 1398 manifesto
818 1339 910 1398 omine
927 1344 1049 1416 accepte.
1092 1339 1159 1398 Mos
1179 1347 1244 1400 erat

158 1426 269 1505 Cypriis
285 1425 406 1502 virgines
420 1431 487 1483 aute
501 1424 612 1505 uupu'as
626 1425 738 1483 statrrtis
750 1422 846 1489 diebus
859 1422 982 1482 dotalem·
994 1425 1140 1500 pecuniam
1153 1442 1244 1501 quee-

157 1513 259 1569 situras
272 1511 301 1569 in
312 1516 457 1586 quaestum
472 1510 509 1568 ad
523 1509 587 1567 litus
606 1509 691 1567 maris
708 1508 837 1587 mittere,
858 1526 910 1586 pro
928 1508 1034 1584 reliqua
1053 1509 1188 1587 pudicitie
1208 1510 1245 1569 li-

77 1632 81 1639 ·
132 1598 288 1655 libamenta
304 1594 406 1653 Veneri
423 1592 567 1652 soluturus.
609 1593 815 1669 Harumigitur
836 1604 1006 1669 err-,numero
1027 1597 1172 1670 octoginta
1188 1596 1244 1654 ael-

157 1681 270 1739 modum
289 1679 409 1755 virgines
430 1683 524 1755 raptae
544 1677 659 1735 navibus
674 1678 781 1755 imponi
797 1676 890 1737 Elissa
902 1679 994 1751 iubet,
1009 1684 1043 1736 ut
1062 1686 1094 1738 et
1107 1680 1244 1739 iuventus

14 1778 19 1796 ¹
134 1764 333 1823 umatumonia
356 1768 386 1823 et
411 1763 475 1821 urbs
504 1761 628 1821 subolem
652 1761 756 1822 hebere
779 1767 883 1839 posset
924 1762 1005 1821 Dum-
1019 1763 1243 1840 urse-agontur,

158 1848 322 1924 Pygmalion
335 1847 447 1923 cognita
460 1849 563 1904 sororis
575 1849 658 1922 suga,
678 1866 740 1905 cum
759 1847 844 1924 impio
857 1846 929 1906 bello
942 1848 1096 1922 lugientem
1108 1848 1242 1926 persequi

134 1938 288 2013 ipserum,
309 1951 394 2008 aegre
412 1933 539 2011 precibus
556 1933 651 1991 metris
672 1937 702 1990 et
721 1933 835 1991 deorum
853 1933 934 1991 minis
953 1934 1040 1992 victus
1056 1934 1174 2010 quierit:
1197 1934 1244 1992 cni

160 2037 223 2079 curm
234 2018 360 2096 inspirati
372 2022 449 2076 vates
464 2022 595 2076 canerent
616 2020 670 2078 ποκ’
679 2019 785 2093 inpune
801 2016 934 2090 luorum,
956 2021 983 2077 si
997 2021 1156 2093 inmerente
1167 2018 1245 2077 urbis

158 2108 216 2161 toto
235 2103 293 2160 orte
309 2104 539 2179 auspicatissimo
553 2101 758 2178 interpellasset,
779 2102 831 2160 hoc
844 2103 928 2160 modo
951 2106 1070 2180 spatium
1086 2104 1247 2183 respirandi

135 2188 329 2263 8sugientibus
351 2189 457 2245 datum.
500 2188 598 2262 ltaque
619 2186 712 2244 Elissa
730 2185 825 2244 ‹lelsta
845 2187 874 2244 in
893 2185 1002 2246 Africae
1027 2189 1118 2247 sinum
1138 2189 1246 2248 incolas

161 2272 214 2331 loci
229 2274 286 2331 eius
300 2273 421 2331 adventu
437 2273 645 2351 peregriuomrn
660 2276 872 2348 mutuarumque
891 2264 983 2330 rerum
999 2274 1162 2333 commercio
1174 2293 1247 2351 gau-

126 2362 151 2417 .9
160 2346 260 2419 lentos
275 2357 303 2414 in
316 2357 466 2416 amicitiam
479 2355 623 2414 sollicitat:
642 2356 747 2414 'deinde
761 2363 835 2433 eruto
848 2356 925 2431 loco,
943 2358 991 2433 qui
1003 2350 1078 2441 corio
1088 2358 1170 2425 boris
1187 2360 1248 2437 tegi

160 2449 279 2522 posset,
299 2443 329 2501 in
343 2462 398 2520 quo
411 2444 501 2503 sessos
520 2441 604 2518 longa
626 2441 803 2518 navigatione
817 2441 925 2516 socios,
947 2443 1040 2519 quood
1055 2438 1248 2523 proficiscere·
1289 2470 1293 2475 ‘

21 2649 24 2653 ¹
122 2657 214 2716 eoru,
232 2645 306 2726 plane
325 2656 475 2724 ignoratur,
488 2640 543 2709 'uisi
559 2658 628 2711 forte
646 2675 751 2727 quorum
769 2675 946 2726 nonnunquam
964 2636 1119 2713 mentione·
1135 2656 1204 2713 lecit
1221 2658 1248 2713 lu

121 2725 227 2792 scriptis
250 2726 305 2783 suis
328 2726 544 2794 Oudendorpius3
574 2728 840 2785 armentalium
863 2727 942 2781 ullum
967 2726 1172 2783 consentientem
1195 2744 1249 2781 uon

121 2796 201 2855 uovi3
226 2793 319 2845 deiude
344 2811 395 2847 nou
419 2794 542 2849 viderunt
564 2796 662 2851 variari
685 2805 783 2851 tautum
808 2795 949 2851 orationem
973 2808 1000 2850 at
1019 2796 1249 2879 oruatuurquaeri

18 2922 30 2933 ἡ
122 2860 247 2917 diceudo:
260 2866 329 2930 fleus
345 2865 498 2933 lugubrique
514 2883 577 2917 uoce
590 2867 700 2923 Acciet
717 2883 766 2935 pro
783 2866 889 2919 fletibus
906 2867 1061 2934 lugubrique
1077 2882 1105 2919 v.

123 2948 297 3057 sd'd'lam
308 2932 415 3055 mortislt
424 2932 470 2987 Sic
489 2934 571 3002 Boug.
588 2942 616 2987 et
632 2935 828 3000 occlusurum
845 2934 933 3005 inepte
946 2935 1096 2989 Gronovius
1113 2952 1130 2987 e
1144 2933 1249 2989 Morte

157 3020 167 3055 1
184 3019 194 3053 1
216 3019 222 3053 =
242 3019 334 3053 cousus
347 3019 422 3054 mor.

131 3120 134 3125 ·
193 3090 224 3145 C.
242 3092 274 3143 V.
298 3093 358 3156 52.
393 3094 514 3145 coculos
531 3094 617 3161 louis]
635 3094 653 3147 i.
672 3113 695 3146 e.
722 3094 811 3147 summi
835 3111 922 3147 eorum
947 3093 989 3145 dei
1013 3094 1089 3147 Baali
1114 3094 1158 3148 vel
1182 3095 1249 3162 Beli,

124 3162 165 3213 cui
181 3161 302 3229 templum
321 3162 377 3212 sine
393 3161 472 3213 dubio
486 3163 616 3215 conditura
640 3169 698 3216 erat
722 3164 749 3215 in
774 3163 958 3216 vetustissima.
972 3163 1017 3214 illa
1034 3163 1135 3216 colonia
1155 3166 1250 3229 aruo,

123 3230 246 3299 primaria
263 3231 419 3283 Phoenicum
436 3229 500 3282 sede
523 3231 551 3282 iu
574 3231 672 3300 Cypro.
707 3232 857 3287 Schefferus
873 3231 1013 3285 secuudum
1030 3232 1151 3285 Servium
1169 3234 1251 3286 ruale-

123 3302 184 3352 but:
203 3301 325 3362 lunonir,-
339 3316 407 3367 quae
424 3302 529 3351 Astarte
546 3301 632 3352 toret:
650 3318 676 3356 v.
692 3302 776 3370 Hugti
794 3303 1023 3372 Untersuclmngep
1040 3304 1103 3354 riter
1119 3304 1173 3356 cleri
1190 3304 1251 3373 rte

124 3371 183 3422 tlror
199 3369 247 3419 ‹ler
260 3369 311 3418 tor.
328 3369 357 3419 V.
372 3385 397 3436 p.
416 3371 474 3431 118.
496 3370 561 3432 1253
580 3369 730 3422 Boetticlrer
744 3372 841 3435 Gerra.
857 3373 904 3422 der
918 3371 1048 3440 Cartheg.
1066 3386 1101 3440 p„
1111 3370 1155 3427 83.

163 3458 169 3471 ’
192 3438 297 3489 deorum
312 3435 360 3502 rm]
376 3435 445 3488 Edd.
464 3444 529 3488 vett.
547 3443 575 3488 et
591 3436 609 3491 l
627 3455 694 3491 reoc.
713 3439 803 3491 codri:
822 3440 866 3491 dai
880 3457 916 3490 m.

115 3533 118 3537 ,
187 3506 332 3572 fortunus]
351 3506 424 3557 llaec
440 3520 492 3555 vor
509 3512 629 3574 suspecte
647 3514 703 3571 est;
720 3508 795 3560 deest
810 3525 853 3575 ep.
872 3508 1015 3574 Burgum,
1034 3507 1121 3572 Creu,
1139 3507 1215 3563 Leid.
1235 3512 1250 3563 l

124 3591 156 3625 uc
173 3572 228 3625 sine
244 3574 323 3624 dubio
341 3573 458 3642 pluribus
476 3574 559 3625 Gron.
597 3575 649 3627 l’ro
667 3594 723 3632 voc.
739 3578 860 3641 praebuit
876 3576 935 3632 edd.
948 3583 1014 3632 vett.
1032 3585 1060 3628 et
1074 3594 1144 3630 recc.
1157 3577 1250 3631 cedma

125 3642 217 3711 offert,
233 3642 302 3710 quod
319 3643 455 3710 probatum
473 3642 588 3696 Graevio
606 3646 708 3714 recepit
723 3646 834 3697 Wetzel.

141 3715 211 3832 ΠΒ
227 3708 254 3830 lt.
288 3710 400 3780 rclipuu]
417 3712 444 3763 in
463 3713 622 3767 matrimonio
640 3715 778 3770 servanda.
813 3714 854 3766 De
871 3732 900 3767 re
917 3732 943 3766 v.
957 3713 1043 3767 lsudd.
1059 3730 1103 3784 ep.
1123 3686 1251 3769 Beruecc.

124 3794 140 3830 e
193 3794 256 3831 ors.

193 3850 209 3909 §
226 3850 253 3901 6.
286 3849 412 3916 pareret]
430 3849 493 3901 Mss.
511 3850 612 3918 Boug.‚
630 3850 722 3904 Creo:
738 3860 869 3923 parasset.

79 3977 81 3981 .
193 3918 210 3978 §
228 3918 252 3969 8.
287 3919 387 3985 sinum]
406 3935 485 3987 prope
503 3921 614 3972 Uticam.

192 3987 250 4048 59.
284 3988 436 4053 emtolooo]
463 3990 497 4039 ab
514 3989 591 4040 larba
609 4007 671 4058 rege
687 3988 745 4040 τῶν
763 3989 912 4055 Morietur),
941 3991 974 4042 de
998 3989 1090 4057 quibus
1117 4007 1178 4060 cap.
1195 4008 1254 4058 seq.

193 4055 251 4121 trgi
261 4057 365 4120 posset]
386 4057 541 4108 Prudentius
559 4059 648 4119 ceteri,
670 4057 792 4125 Virgilius
812 4061 988 4121 circumdem·
1005 4060 1099 4112 Livius
1117 4063 1253 4129 amplecti,

119 4121 257 4191 ¹Appiuuus
281 4122 456 4191 cespitaticis,
490 4127 649 4181 'Pleminius
673 4124 855 4195 ἰσομέτρητον
881 4125 977 4198 βύρσῃ.
1014 4132 1054 4183 Ac
1070 4128 1174 4184 diserte
1188 4130 1253 4184 Ser-
