2624 4606
103 254 214 314 38.
391 243 856 347 ¹IUSTINI

104 409 191 466 iovis
202 422 302 479 capere
319 402 466 461 exercitum
483 401 541 459 eius
559 400 692 476 potuisse.
734 396 841 478 [Nares
859 418 972 476 quoque
992 398 1067 461 mille
1088 404 1222 464 ducentas

29 494 32 499 ·
104 477 258 550 arrabea
273 483 526 562 sacraemnta]
568 484 640 546 uua
657 488 735 549 aaa
755 485 859 560 agmini
876 486 933 543 anx
948 485 1047 544 aecus.
1090 488 1224 551 esserum

103 582 138 633 tt
148 577 171 634 si
183 574 279 649 regent
294 576 416 648 spectes,
438 569 640 641 divitias,‚non
660 569 759 627 ducem
780 569 892 627 landes:
914 588 1031 644 quarum
1048 564 1224 653 tant'a'copia

125 676 128 681 ⁴
146 662 176 719 in
186 676 275 733 regno
286 656 344 714 eius
355 657 422 727 fuit,
443 659 494 726 ut,
516 653 713 719 cum-flumina
719 652 891 721 multitudiue
901 663 1142 731 consumerentur,
1154 678 1224 737 opes

104 748 240 803 aeramen
254 740 348 815 regiae
367 744 550 816 superessent.
592 737 658 815 lpse
676 744 768 796 autem
786 740 890 816 primus
909 739 938 796 in
959 740 1042 814 friga,
1065 747 1223 818 postremus

145 831 175 886 in
188 825 415 906 proeliosemper
428 825 501 882 vism
518 828 576 894 est·,
596 823 625 879 in
638 821 766 900 periculis
779 823 903 893 timidus,
926 824 1012 881 sicubi
1032 831 1123 884 metus
1141 828 1222 889 abes-

103 914 137 969 at
146 917 204 985 set,
225 911 349 980 inflatus3
371 909 492 985 denique
502 912 566 965 ante
581 908 798 986 experimentum
812 906 875 966 belli
887 907 989 981 tiducia
1001 909 1114 984 virium,
1136 913 1223 973 veluti

146 1006 261 1056 naturae
275 995 361 1072 ipsius
375 994 516 1064 dominus,
539 997 569 1050 et
585 998 691 1050 montes
706 993 735 1049 in
747 993 861 1070 planum
884 991 1040 1053 deducebat
1059 1001 1089 1053 et
1100 1015 1222 1056 convexa

143 1083 254 1142 vallium
264 1079 404 1154 aequabat
420 1086 449 1136 et
462 1077 599 1153 quaedam
612 1077 699 1135 maria
710 1078 841 1154 pontibus
857 1077 1013 1150 sternebat,
1033 1082 1170 1156 quaedam
1184 1085 1222 1141 ad

144 1164 329 1240 navigationis
342 1163 514 1220 commodum
527 1181 578 1240 per
590 1163 782 1239 compendium
795 1161 922 1220 ducebat

125 1259 138 1308 1
226 1248 278 1306 XL·
296 1247 381 1304 Cuius
399 1245 528 1304 introitus
543 1247 572 1302 in
587 1247 731 1304 Graeciam
753 1265 835 1323 quam
853 1246 999 1321 terribilis,-
1017 1255 1076 1308 tam
1087 1251 1176 1329 turpis
1187 1269 1222 1310 ac

119 1337 242 1395 assedus
263 1333 397 1390 discessus
415 1330 477 1388 fuit.
524 1330 655 1407 Namque
680 1350 741 1389 curn
766 1330 913 1404 Leonida,
942 1351 991 1391 rex
1010 1334 1221 1410 Spartanorum,

145 1439 206 1479 cum
218 1421 337 1494 quatuor
350 1415 466 1472 millibus
485 1415 600 1473 militum
619 1415 761 1490 angustias
782 1415 809 1474 T
810 1415 1032 1493 hermopylarum
1050 1427 1221 1497 occupasset,

144 1504 250 1562 Xerxes
262 1505 404 1558 contemtu
417 1501 563 1577 paucitatis
579 1519 627 1558 eos
638 1518 761 1577 pugnam
774 1518 918 1576 capessere
930 1502 1022 1575 iubet,
1043 1521 1160 1578 quorum
1174 1523 1221 1563 co·

72 1637 77 1646 .
118 1587 223 1664 3gnati
237 1584 412 1643 Marathonia
431 1603 525 1661 pugna
551 1585 690 1644 interfecti
708 1587 837 1643 fuerant:
866 1585 936 1661 qui,
959 1586 1025 1644 dum
1042 1587 1133 1647 ulcisd
1156 1608 1220 1647 suos

144 1670 299 1749 quaenunt,
326 1670 490 1746 principium
509 1668 593 1727 cladis
616 1671 708 1739 nuere,
729 1670 893 1729 succedente
911 1670 1014 1730 deinde
1034 1672 1124 1730 inutili
1137 1674 1220 1733 turba

118 1757 231 1815 lmaior
247 1755 345 1812 caedes
358 1753 462 1811 editur.·
501 1752 609 1811 Triduo
621 1754 660 1810 ibi
678 1753 852 1813 cumdolore
869 1759 899 1813 et
916 1755 1108 1831 indignatione
1120 1756 1221 1817 Persa·
1307 1806 1311 1811 .

71 1877 74 1882 -
117 1846 202 1900 5rum
216 1840 383 1896 dimicatum:
406 1844 507 1913 quarta
524 1839 571 1896 die
584 1857 645 1896 cum
656 1839 814 1897 nuntiatum
834 1843 908 1898 esset
920 1833 1064 1901 Leonidae
1083 1861 1101 1900 a
1119 1842 1220 1919 viginti
1272 1919 1274 1922 .

143 1925 260 1984 millibus
273 1923 390 1980 hostium
410 1941 543 1980 summum
558 1940 686 1981 cacumen
702 1923 806 1996 teneri,
828 1930 894 1982 tunc
914 1923 1042 1983 hortatur
1053 1925 1156 2000 socios,
1177 1946 1219 1984 re-

118 2009 238 2072 dceduat
249 2014 275 2065 et
289 2025 316 2064 se
328 2007 365 2064 ad
379 2007 485 2065 meliora
500 2007 609 2084 patriae
623 2012 738 2084 tempora
754 2013 900 2066 reseruent:
925 2010 977 2068 sibi
994 2029 1054 2069 cam
1073 2009 1218 2087 Spartanis

139 2095 280 2175 fortunata
291 2091 489 2169 experiendam:
506 2092 590 2169 plara
603 2111 630 2153 se
641 2095 749 2170 patrios
767 2112 848 2171 quasa
862 2096 933 2152 uitae
944 2094 1049 2165 ἀώρως
1069 2101 1164 2155 ceteros
1181 2098 1219 2155 ad
1299 2115 1304 2129 2·

113 2186 135 2239 17
139 2178 278 2259 pecudia
291 2178 422 2236 Graeciae
431 2176 580 2237 cavandus.
621 2176 725 2237 Audito
742 2179 818 2254 regis
831 2179 948 2256 imperio
961 2181 1112 2241 discessere
1124 2185 1220 2255 ceteri,

118 2265 196 2324 ttsoli
208 2263 422 2333 Lacedaemonii
433 2267 632 2321 remansamut.
675 2261 756 2320 tuitio
766 2263 845 2321 huius
862 2263 926 2322 belli
936 2265 1137 2326 sciscitantibus
1148 2256 1229 2328 list:

142 2351 203 2430 phis
220 2347 330 2410 oracula
341 2366 504 2426 responsum
517 2349 621 2405 suerat:
643 2352 693 2404 aut
704 2351 764 2422 regi
776 2346 972 2425 Spartanorum
985 2355 1035 2408 aet
1048 2351 1109 2409 urbs·
1122 2353 1219 2411 audea-

115 2435 212 2495 9dans.
255 2432 294 2495 Et
313 2431 413 2493 idcirco
432 2450 480 2490 rer
498 2429 643 2502 Leonida,
672 2450 735 2491 cum
753 2432 782 2489 in
801 2431 901 2491 ballum
918 2434 1147 2515 proficisceretur,
1178 2438 1217 2495 ita

142 2539 208 2578 suos
232 2518 409 2593 firmaverat,
438 2521 470 2576 ut
499 2515 593 2578 ire'se
620 2520 719 2597 parato
743 2517 780 2576 ad
800 2519 973 2585 moriendum
991 2520 1083 2583 auimo
1104 2521 1226 2593 scaena

100 2663 307 2677 -ss-p--q

168 2739 185 2802 S
202 2737 245 2789 00.
261 2733 385 2787 Codices:
405 2732 440 2789 N.
456 2751 482 2802 q.
503 2733 587 2786 decies
608 2741 708 2787 cantans
724 2736 834 2790 millium
846 2753 867 2792 s.
877 2736 964 2791 millia
974 2754 1079 2793 mero
1091 2742 1153 2793 cett
1171 2740 1217 2794 sed
1306 2780 1308 2784 .

98 2805 142 2859 hio
155 2810 195 2857 est
205 2803 313 2857 militum
325 2819 459 2868 numerus,
477 2819 527 2855 non
541 2802 660 2866 naviuin,
677 2803 699 2855 it
734 2822 767 2857 us
779 2805 890 2875 singulis
907 2806 1027 2861 militibus
1042 2807 1158 2877 singulae
1171 2827 1217 2873 aa·

99 2892 144 2927 ves
154 2872 295 2926 evenirent.
331 2871 427 2923 Vitium
442 2871 536 2940 primm
547 2871 697 2925 monstrarit
738 2873 812 2926 odius
825 2875 860 2927 ad
876 2874 995 2929 Curtium
1009 2876 1042 2943 V,
1059 2880 1086 2942 7,
1102 2881 1129 2933 8.
1147 2879 1218 2935 Oro-
1250 2934 1254 2941 ,

99 2943 150 2996 sius
165 2942 187 3006 l,
204 2944 230 2997 9.
248 2948 276 2994 et
298 2939 434 3008 chronogr.
450 2956 483 2991 ex
496 2957 527 2993 eo
541 2956 640 2993 omues:
656 2949 787 2999 rostratas
800 2945 883 2997 ctiam
895 2961 975 2997 naues
992 2946 1062 2999 ntae
1082 2948 1217 3013 dumos,

99 3011 233 3069 onerarias
243 3016 336 3062 autent
346 3011 402 3063 trio
413 3009 496 3063 millia
507 3027 612 3061 numero
625 3010 744 3063 babuisse
754 3019 888 3065 narrotm.
899 3012 955 3065 'Sio
970 3006 1115 3079 Herodotus
1127 3032 1216 3069 nume-

98 3086 139 3133 rat
155 3076 227 3134 ’1007
247 3077 378 3141 triremes,
395 3077 552 3145 reliquarum
562 3077 641 3131 omnis
657 3079 760 3145 generis
778 3082 849 3137 3000
866 3081 946 3148 (Vll,
959 3082 1078 3151 8007).
1098 3084 1152 3147 ¹,Ab
1176 3085 1217 3138 bis

97 3148 213 3202 numeris¹
224 3147 270 3201 alii
290 3145 401 3215 paullum
419 3146 530 3211 abemus
553 3163 579 3199 s.
597 3147 705 3199 collecta
718 3153 834 3205 veterum
850 3146 947 3209 iudicia
965 3167 1010 3231 ap,-
1028 3150 1144 3215 Brissou.
1162 3150 1178 3202 l.
1197 3153 1215 3209 Ι.

98 3236 123 3286 p.
138 3216 189 3272 alr
201 3222 257 3285 sqq.
277 3215 360 3283 qualis
381 3220 468 3267 nostro
486 3215 543 3267 loco
563 3215 735 3270 restituendus
754 3217 804 3284 sit,
834 3217 946 3281 tortam
960 3214 1052 3286 aliquis
1063 3235 1086 3269 .e
1107 3219 1224 3286 palaea-⁴

97 3286 206 3357 graphia
225 3293 385 3338 numerorum
402 3283 582 3343 inveniendum
600 3300 656 3341 essa
675 3285 792 3352 putabit,
815 3286 861 3341 sed
880 3302 976 3338 omnem
989 3303 1094 3354 operam
1103 3287 1148 3339 bic
1159 3288 1216 3341 ludi

98 3372 187 3408 censeo
201 3360 228 3407 et
239 3370 273 3408 ax
278 3352 465 3420 marginalibus
479 3352 544 3405 notis
558 3354 623 3405 baca
636 3354 716 3417 uerba
729 3353 756 3407 in
764 3360 841 3421 tenta
855 3371 884 3404 sa
897 3353 1038 3420 ingessisse.
1056 3354 1128 3425 Lege
1138 3359 1219 3419 modo,

97 3432 178 3476 totum
191 3423 274 3475 locum
288 3428 317 3474 et
328 3428 417 3492 specta
430 3422 581 3484 verborum,
599 3436 667 3488 quae
677 3422 840 3485 seclusimus,
856 3420 1025 3479 debilitatem.

96 3490 106 3537 ἶ
165 3491 196 3542 0.
213 3491 261 3543 Xl.
285 3494 345 3556 §2
370 3490 489 3557 Namque
509 3506 565 3541 cans
576 3490 655 3556 cett]
677 3490 730 3547 ¹Sic
749 3492 845 3561 Bong„
871 3492 888 3544 6
911 3489 988 3549 codd.
1007 3493 1059 3559 ap.
1085 3493 1216 3559 Gronov,

97 3560 191 3619 Getu,
209 3560 303 3623 Grac,
321 3558 380 3610 edd.
395 3564 475 3620 vett,
493 3564 520 3609 et
537 3557 632 3610 Cbron.
649 3558 723 3626 regia
736 3559 853 3625 Paniai„
863 3575 901 3625 ,ax
914 3575 985 3613 mure
1000 3560 1108 3627 lumini,
1125 3581 1153 3617 v.
1165 3565 1216 3627 Ill,

97 3630 129 3688 23
148 3627 245 3688 xxiv,
261 3625 294 3690 43
321 3626 434 3688 XXXII,
450 3624 482 3688 43
501 3625 629 3690 XXXIV,
650 3629 674 3691 l,
692 3637 719 3680 et
737 3626 897 3696 saepissime,
914 3628 989 3694 XVI,
1005 3628 1033 3695 4,
1051 3634 1068 3697 §
1085 3632 1103 3685 9
1120 3632 1212 3687 etiam:

97 3697 215 3762 Namque
226 3713 283 3747 cam
295 3698 367 3749 uelat
379 3694 520 3747 asbitcr-
533 3712 649 3749 reuersas
660 3705 725 3751 asset
737 3704 800 3750 cett.
1092 3708 1095 3713 '
1144 3706 1147 3711 '

89 3784 103 3803 '-
165 3767 181 3828 S
199 3764 532 3830 3.daoac]n1ss.ssong.=
550 3765 618 3816 daia.

162 3836 179 3898 §
196 3831 223 3885 4.
237 3833 398 3900 dimicatura]
418 3831 512 3884 tidem:
530 3833 592 3885 dim.
607 3841 653 3889 est.
697 3874 700 3879 -

164 3907 181 3966 3
199 3904 225 3954 6.
240 3900 331 3969 ptura]
349 3900 431 3955 codd.
446 3902 543 3968 Bonga
559 3903 673 3969 plurima
686 3901 704 3955 i.
719 3918 743 3956 a.
753 3904 854 3968 pluria,
872 3908 902 3956 ut
913 3905 1015 3972 aliquot
1026 3903 1154 3970 eiusdem
1170 3905 1212 3961 iu-

96 3984 202 4038 seqaens
213 3986 241 4021 sc
254 3970 374 4022 omittunt
387 3971 481 4033 Grac,
498 3970 578 4021 Goth.
596 3987 619 4021 c.
634 3968 693 4021 edd.
707 3977 786 4035 vett,
803 3983 832 4024 ut
846 3990 925 4041 supra
935 3992 958 4039 q.
969 3971 996 4036 4,
1010 3976 1027 4038 ἓ
1040 3975 1084 4035 27.

164 4041 180 4102 §
198 4039 223 4092 9.
240 4045 270 4091 ut
281 4039 319 4090 ira
331 4055 357 4089 aa
369 4039 477 4106 parato]
503 4037 611 4090 Dorrill.
629 4039 691 4091 1.3.
710 4037 801 4101 Creo,
821 4042 916 4095 Goth.c
940 4048 1098 4110 stragem
1111 4053 1211 4109 parato

29 4090 32 4095 ¹
94 4117 155 4163 cett
168 4106 200 4160 de
213 4105 298 4175 glossa
310 4105 420 4177 quidem,
427 4107 473 4161 sad
485 4114 558 4165 sacta
568 4105 857 4183 locumJntelligeutes,
870 4108 944 4165 Bodl.
956 4127 1058 4180 quaqua
1066 4111 1105 4164 irs
1117 4112 1222 4181 amicta.
