2624 4606
90 146 222 273 100‘
311 180 315 191 '
398 198 864 299 ,rusp1u1

108 359 295 421 toeneium
310 356 453 434 reginum
477 354 673 433 portendebat
713 351 777 413 Nec
797 353 914 413 ostentis
932 353 1005 414 fides
1022 354 1132 415 defuit:
1152 374 1220 419 nam

134 440 210 504 brevi
225 448 291 521 post
309 448 435 519 tempore
456 437 660 516 Agathoclem,
680 438 766 498 filiorm
787 457 885 512 saum,
906 457 990 516 quem
1011 440 1040 498 in
1063 443 1222 502 moeoesio·

133 547 200 589 uem
219 528 300 603 regni
319 528 517 597 ordinaverat,
544 543 698 603 perquem
718 523 806 582 multa
829 523 901 584 bella
925 542 1062 602 prospere
1080 533 1221 603 gesserat,

53 662 56 673 .
134 631 192 672 uon
215 611 303 671 solum
324 611 460 690 patrium,
486 626 584 668 rernm
606 610 690 669 etiam
708 608 857 668 humanum
876 609 948 668 ultra
964 629 1073 671 morem
1099 622 1221 689 perosut

110 697 263 757 ministra
275 695 394 755 Arsiooe
406 714 525 755 novercn
535 710 644 754 veneno
656 692 802 753 interfecit.
843 693 924 753 Haec
941 693 981 752 illi
992 695 1084 771 prima
1095 695 1163 755 mali
1179 696 1223 757 la·
1236 746 1240 757 .

110 784 201 856 obes,
220 783 274 841 hoc
294 781 403 840 initium
418 780 603 858 impendentis
618 780 714 839 nnnoe
728 779 790 836 fuit.
832 776 907 837 Nam
919 779 1097 856 parricidium
1114 782 1224 858 prium?-

134 886 201 947 pum
217 871 329 926 mentae
340 865 440 947 caedes
454 870 534 938 suut,
554 863 687 922 luentium
700 862 853 941 supplicia,
867 864 945 939 quod
957 864 1078 923 occisum
1089 865 1223 945 iuvenem
1253 911 1256 917 .

112 951 280 1011 ldolehant.
324 951 423 1026 ltaque
437 955 468 1008 et
479 949 525 1020 hi,
546 949 593 1024 qui
609 948 739 1017 caedibus
756 949 965 1025 superfuerant,
988 949 1081 1023 ethi,
1103 951 1154 1026 qui
1171 970 1224 1011 ex-
1244 950 1250 958 ’

112 1036 267 1096 dercitibus
281 1039 444 1113 praeerant,
455 1032 580 1092 certatim
593 1033 632 1090 ad
644 1031 789 1091 Seleucum
803 1032 949 1105 defidoot3
971 1051 1090 1112 eumque
1098 1031 1225 1112 pronum

136 1121 193 1180 iam
214 1138 248 1179 ex
266 1119 452 1179 aemulatione
475 1116 580 1195 moriae
607 1114 709 1176 bellum
730 1112 896 1193 Lysimacho
918 1112 1021 1177 inferre
1043 1118 1224 1199 compellunt.

112 1204 273 1265 9Ultimum
291 1203 345 1264 hoc
362 1209 502 1264 certamen
523 1200 739 1263 commilitonum
761 1200 912 1265 Alexandri
937 1199 991 1261 fuit
1015 1206 1061 1278 et,
1086 1202 1164 1264 velut
1182 1196 1224 1266 ed

97 1298 133 1352 ιο
143 1289 297 1368 exemplum
316 1290 461 1361 fortunae,
490 1304 543 1369 par
560 1292 740 1347 reservatum.
782 1285 963 1364 Lysimachus
985 1293 1105 1364 quatuor
1128 1294 1157 1348 et
1176 1308 1226 1351 se·

99 1381 131 1436 11
140 1376 289 1455 ptuaginta
302 1392 390 1433 annos
411 1379 492 1431 natus
511 1379 586 1446 erat3
607 1372 738 1431 Seleucus
759 1378 865 1448 septem
885 1377 915 1431 et
932 1373 1119 1450 septuaginta.
1161 1371 1226 1436 Sed

140 1461 171 1520 in
192 1458 244 1518 hac
260 1465 359 1519 'aetate
377 1460 487 1535 utrique
506 1458 590 1517 ammi
609 1454 742 1516 iuveniles
761 1461 842 1515 eraut
857 1456 1021 1536 imperiique
1041 1456 1225 1538 cupiditates

1 1589 2 1596 .
102 1544 324 1604 inhoatiabilem
337 1540 487 1621 gerebant:
497 1544 602 1621 quippe
614 1556 675 1601 eum
686 1540 781 1601 orbern
795 1549 929 1601 terrarum
944 1540 1000 1600 duo
1014 1541 1067 1600 soli
1080 1548 1225 1619 tenerent,

142 1629 267 1705 angustis
284 1629 336 1686 sibi
350 1628 430 1686 metis
452 1627 548 1685 inclusi
567 1628 746 1699 videbantur,
768 1627 897 1704 vitaeque
909 1627 993 1687 finem
1014 1637 1073 1687 hen
1085 1646 1226 1691 annom
1273 1636 1276 1641 '

15 1769 17 1774 .
119 1778 122 1789 Ι
142 1715 249 1792 spatio,
271 1714 323 1771 sed
335 1711 443 1789 imperii
456 1712 579 1770 terminis
594 1712 788 1773 metiebantur.

121 1805 137 1857 1
228 1797 264 1855 ll.
284 1796 318 1855 ln
330 1816 364 1856 eo
378 1795 451 1855 bello
463 1796 642 1871 Lysimachus
653 1796 760 1855 amissis
771 1787 837 1856 aitte
850 1794 932 1854 variis
944 1795 1053 1856 mnibus
1065 1798 1226 1875 quindecim

146 1881 239 1942 liberis
258 1894 319 1940 non·
330 1882 472 1961 instrenue
487 1882 605 1940 moriens
621 1887 777 1959 postremus
793 1882 890 1939 domus
902 1900 969 1940 snae
987 1882 1226 1942 ruinne·eumulus
1245 1950 1249 1965 ¹

120 1967 272 2027 tamesin
311 1965 419 2027 Laetus
431 1971 511 2024 tanta
521 1965 634 2025 victoria
647 1965 779 2026 Seleucus
791 1972 834 2039 et,
852 1965 930 2041 qrrod
944 1966 1032 2025 meires
1044 1968 1161 2047 victoria
1172 1989 1229 2046 pn·

147 2052 240 2126 tabat,
260 2049 349 2110 solum
366 2070 397 2110 se
412 2050 449 2110 de
465 2051 580 2110 cohorte
594 2051 742 2111 Alexandri
758 2052 924 2111 remansisse
937 2050 1125 2128 viatoremque
1140 2053 1229 2113 victo·

149 2156 210 2195 mm
225 2137 378 2208 exstitisse,
395 2155 447 2194 non
468 2135 612 2194 homonum
630 2155 684 2194 esse
705 2156 786 2213 opos,
809 2135 854 2193 sed
874 2134 995 2193 divinum
1015 2156 1110 2195 munus
1125 2137 1229 2214 gloria·

124 2225 208 2279 iltur:
229 2223 343 2296 ignarus
363 2240 475 2298 prorsus
492 2241 549 2278 non
563 2219 648 2279 multo
670 2228 735 2298 post
752 2219 911 2296 tragilitatis
932 2219 1068 2280 humanae
1087 2241 1119 2281 se
1135 2223 1229 2299 ipsum

124 2306 304 2386 texemplum
319 2308 454 2364 futurum:
477 2306 581 2385 quippe
595 2317 662 2385 post
676 2324 785 2365 rueuses
806 2305 956 2362 admodum
978 2311 1084 2383 septem
1100 2325 1118 2364 a
1133 2307 1229 2367 Ptole·

178 2490 194 2550 §
212 2483 237 2537 4.
272 2504 324 2537 non
341 2489 422 2539 solum
437 2485 566 2555 petrium]
583 2486 628 2538 Sic
645 2484 737 2555 Bong,
748 2485 848 2549 Gutus
873 2492 902 2540 at
919 2484 1066 2558 Gronovius
1083 2505 1117 2540 ex
1134 2491 1153 2543 9
1170 2490 1230 2556 suis,

111 2555 205 2621 quibus
220 2554 347 2607 ooooduot
363 2555 456 2619 Grae,
483 2557 575 2622 Prag.=
602 2572 654 2608 non
670 2557 752 2608 solum
777 2557 870 2608 ultro
890 2563 977 2625 pata,
1006 2556 1073 2609 male
1091 2557 1232 2613 defendens

111 2623 170 2676 loco
186 2621 229 2686 ll,
245 2625 278 2686 6,
294 2625 324 2676 1:
353 2641 405 2675 non
427 2625 504 2676 modo
528 2626 600 2677 oltra
620 2641 691 2692 spero
712 2626 841 2695 gerendi,
864 2642 953 2678 nonan
976 2625 1058 2680 ctiam
1074 2627 1149 2696 altra
1164 2630 1232 2700 gesti
1254 2668 1258 2677 .

153 2708 200 2742 ena
757 2738 761 2759 ,
1069 2734 1073 2741 ,

106 2693 151 2760 fid
181 2772 278 2810 omens
294 2759 443 2826 interfecit]
466 2758 619 2812 honoratius
637 2751 756 2814 Memnon
773 2778 797 2813 c.
816 2763 840 2817 8.
860 2778 886 2830 p.
904 2763 938 2816 ts
955 2762 1005 2815 Or.
1127 2794 1133 2809 ·

182 2829 259 2891 sto.
296 2828 463 2895 Lysimachus
488 2829 605 2882 111(le
618 2830 715 2897 annos]
745 2837 773 2882 at
796 2831 968 2898 Hierooymus
991 2829 1139 2885 Cardianus
1163 2833 1231 2903 apud

115 2895 222 2950 Lucian.
241 2895 359 2948 Macrob.
377 2899 393 2961 §
412 2899 443 2951 11
463 2914 519 2949 euru
537 2894 599 2958 ἔτος
623 2893 874 2966 ὀγδοηκοστὸν
897 2899 1073 2952 τελοῦντα
1095 2900 1231 2955 obiisssiu

135 2981 204 3033 ugna
219 2969 323 3028 narrat,
346 2964 476 3033 Appiauus
492 2966 557 3034 Syr..
574 2983 596 3017 c.
616 2964 665 3020 dtr
697 2961 853 3036 ἐβασίλευσε
877 2965 1084 3036 τεσσαράκοντα
1108 2965 1158 3038 ἔτη
1179 2966 1231 3039 μά-

114 2984 211 3099 tonsu,
235 3029 287 3085 odo
312 3028 355 3094 οἱς
378 3029 577 3102 dempsissent·
600 3033 649 3087 sul
666 3030 806 3096 ἐπιπόνως
823 3032 994 3105 ἐβασίλευσε·
1014 3034 1066 3090 isal
1083 3033 1232 3108 ἑβδομη-

115 3098 319 3170 κοντούτης
336 3096 376 3155 ὢν
395 3100 611 3170 στρατευόμενος
627 3102 676 3158 καὶ
690 3101 846 3172 μαχόμενος
863 3102 967 3159 ἔπεσεν.
1176 3164 1182 3175 ,
1215 3138 1217 3142 1

185 3174 304 3225 Sdcucus
322 3173 541 3240 LXXVHJ-Mss.
560 3172 642 3254 Bong.
660 3181 689 3226 et
705 3174 763 3228 coll.
781 3176 812 3229 C.
832 3174 877 3228 Q:
897 3194 941 3227 ser
958 3183 984 3229 et
1001 3181 1068 3243 sept.
1102 3175 1234 3245 Appisnus

116 3249 201 3295 tameo
219 3242 239 3292 S
259 3257 279 3292 r.
297 3240 345 3294 632
371 3236 508 3301 Σέλευκος
524 3243 635 3312 τελεοτᾳ
653 3241 734 3310 epto
750 3241 809 3294 uel
828 3239 1081 3312 ἑβδομήκοντα
1104 3239 1153 3313 ἔτη
1170 3240 1234 3315 βοά·

117 3308 182 3375 nnc,
206 3259 434 3378 northamtoniam
457 3304 553 3362 αὐτῶν
577 3306 630 3362 doio
654 3309 708 3364 nol·
724 3308 968 3378 reoonpoinovrec“,·
1000 3312 1050 3365 uisi
1066 3312 1174 3383 quidam
1192 3331 1235 3369 ans

116 3394 196 3434 annos
212 3378 310 3441 demas,
334 3396 382 3447 por
398 3396 460 3447 quos
477 3378 611 3446 provincie
628 3381 712 3450 pulsus
729 3381 822 3432 luerat.
1098 3388 1106 3394 ’
1166 3409 1169 3413 ’
1216 3436 1220 3447 ,

185 3450 202 3512 §
222 3449 263 3502 11.
302 3447 439 3515 ‘noenilesJ
457 3447 540 3499 codd.
558 3446 657 3516 aliquot
673 3449 819 3511 iuvenales,
837 3448 872 3502 tle
888 3466 939 3519 quo
956 3464 987 3508 v.
1001 3450 1120 3503 Gronov.
1141 3450 1236 3520 past

107 3565 109 3569 .
186 3521 201 3582 S
220 3517 261 3572 12.
296 3516 417 3584 ungentis
431 3516 482 3568 sibi
497 3516 586 3583 sactis]
605 3516 651 3568 Sic
668 3516 738 3569 Med.
757 3519 789 3582 2,
807 3518 887 3570 Dorr.
906 3521 918 3572 1
937 3526 964 3571 et
981 3519 1038 3572 coll.
1056 3519 1102 3583 N.‚
1121 3526 1153 3571 nt
1164 3518 1235 3573 Alds

118 3583 163 3652 qui
179 3601 243 3638 vera
258 3584 401 3638 correxisse
417 3584 538 3637 videntur
554 3585 669 3639 codicum
686 3595 845 3641 vetustorum
857 3589 1010 3641 lectionem
1028 3590 1163 3658 mitis
1176 3589 1238 3644 siti·

118 3662 171 3707 met
187 3654 261 3715 incl„
280 3671 348 3722 quae
365 3653 392 3706 in
409 3654 495 3706 multis
512 3653 571 3707 edd.
587 3664 694 3722 servata
711 3661 759 3708 est.

66 3772 70 3777 .
188 3722 219 3773 C.
236 3722 270 3773 ll.
295 3725 311 3787 §
330 3725 353 3775 1.
389 3740 439 3774 noo
456 3725 603 3790 instrenoe]
622 3722 704 3776 codd.
723 3741 809 3776 omues
827 3732 854 3778 et
870 3725 946 3778 edd:
963 3737 1015 3778 ooo
1031 3732 1153 3788 attenuet
1176 3741 1239 3778 unus

77 3844 82 3850 ,
119 3789 190 3845 Med.
209 3792 241 3851 2,
266 3798 295 3842 ut
319 3797 381 3859 post
398 3792 567 3861 Bongnrsiurn
591 3795 768 3846 consentiente
787 3795 895 3847 historia
911 3796 1000 3849 edunt.
1034 3794 1167 3849 Proelium
1184 3804 1240 3849 arat

120 3859 155 3912 ad
175 3859 344 3926 Compedion.

189 3929 247 3992 §2
281 3929 411 3995 potebat]
439 3929 536 3994 Goth,
556 3929 645 3982 Grae:
664 3938 750 3998 putat.

92 4018 95 4025 ·
187 3997 246 4060 §n
276 3999 444 4063 fragilitatis
460 3999 540 4065 hum-l
561 4000 623 4052 lllss.
644 4000 742 4067 Bong.:
756 4002 916 4070 fragilitate
933 4003 1057 4055 soemo.
1103 4046 1106 4051 .

83 4106 86 4111 .
187 4067 204 4130 S
222 4062 247 4119 4.
284 4082 302 4116 ο
320 4067 439 4134 Ptolem]
458 4066 536 4133 (illes.
554 4069 637 4138 Boug.
655 4077 684 4123 et
700 4068 758 4124 coll.
777 4070 877 4150 050:
894 4072 930 4124 ibi
944 4068 966 4125 ‘o
986 4070 1043 4138 Pi.)
1067 4068 1136 4124 Καὶ
1153 4069 1241 4126 Ptole-
