2624 4606
96 248 162 319 m
399 242 857 317 ¹lUSTlNl

140 406 265 463 mentum
278 400 347 483 ipsis
367 400 501 476 equisque
518 397 619 457 loricae
641 397 780 477 plumulae
801 404 883 472 suut,
904 416 977 475 quae
996 404 1150 477 utrumque
1166 408 1225 461 toto

53 538 56 545 .
140 504 257 564 corpore
274 492 380 560 tegunt.
422 483 488 542 Auri
501 484 665 559 argentique
679 481 783 557 nullus,
805 484 860 543 nisi
874 485 903 541 iu
918 472 1020 555 armis',
1041 504 1120 544 usna.

116 582 131 633 1
227 570 274 628 ΙΙΙ.
302 570 409 628 Uxores
430 568 575 627 dulcedine
597 573 690 627 variae
717 566 839 627 libidinis
860 568 962 644 singuli
980 568 1078 645 plures
1106 570 1224 631 babent:

115 654 369 717 saeculoruma
383 654 518 713 adulterio
535 654 646 729 gravium
661 653 810 711 vindicant.
838 653 1028 721 Quamobrem
1043 656 1225 715 seminisnon

116 741 266 800 Scouvivia
278 747 388 797 tantum
401 740 531 811 virorum,
543 756 638 797 verum
650 739 734 797 etiarn
745 744 925 815 conspectum
937 738 1119 799 interdicunt
1134 741 1225 801 Carne

115 826 198 885 tuou
212 826 265 882 nisi
276 824 421 883 venatibus
434 825 559 900 quaesite
572 830 727 883 vescuntur.
768 823 858 898 Fapuis
878 823 953 885 omui
971 828 1100 899 ternpore
1112 832 1225 885 vertun-

140 916 200 969 tur:
217 910 269 968 illis
289 909 377 981 bella,
400 908 452 966 illis
470 909 613 981 convivia,
633 908 685 965 illis
698 906 853 986 publicaue
868 909 977 986 privata
994 906 1090 969 officia
1105 910 1224 982 obeunt,

141 1013 226 1072 super
241 994 301 1052 illos
313 996 371 1065 ire,
393 994 556 1066 consistere,
577 993 709 1066 mercuri,
729 992 856 1068 colloqui.
899 992 962 1051 lloo
983 993 1108 1069 denique
1130 995 1224 1054 aaut

140 1099 205 1139 men
220 1080 295 1138 iuter
307 1097 401 1137 servos
419 1079 575 1154 liberosque
591 1084 654 1152 est,
674 1078 750 1153 quod
761 1079 835 1136 serui
850 1078 984 1155 pedibus,
1004 1076 1086 1136 liberi
1099 1082 1160 1137 u'on
1175 1080 1224 1137 nisi

117 1165 222 1241 dequis
235 1165 375 1222 incedunt.
412 1161 567 1241 Sepultura
581 1162 664 1239 vulga
678 1168 727 1221 aut
740 1164 830 1221 arium
848 1168 898 1220 aot
918 1180 1016 1221 eanum
1030 1161 1154 1221 laniatus
1171 1170 1223 1223 est:

117 1250 218 1311 buada
239 1250 350 1309 demum
375 1266 440 1307 ossa
462 1254 537 1306 terra
558 1248 685 1307 obruunt.
735 1246 769 1305 ln
791 1245 1032 1325 superstitionibus
1050 1254 1142 1325 utque
1161 1266 1223 1307 curn

25 1336 30 1343 '
116 1334 256 1395 7deorum
284 1333 432 1411 praecipua
453 1333 579 1391 amnibus
603 1332 744 1393 veneratio
766 1339 821 1391 est.
864 1332 980 1407 ingenia
1003 1335 1084 1407 genti
1109 1333 1222 1405 tumida,

15 1412 20 1419 '
142 1419 292 1491 seditiosa,
313 1417 505 1490 fraudulenta,
527 1419 668 1495 procacia:
689 1417 794 1494 quippe
814 1416 972 1475 violentiam
989 1417 1073 1490 viris,
1094 1410 1222 1477 mansne·

98 1503 268 1563 'Studinem
284 1502 442 1561 mulieribus
462 1502 621 1577 adsignant.
664 1503 782 1578 Semper
799 1507 847 1559 aut
860 1502 889 1557 iu
903 1507 1032 1560 externos
1055 1508 1103 1559 aut
1125 1503 1155 1559 in
1172 1503 1223 1561 do·

111 1644 115 1649 .
141 1589 270 1651 mesticos
285 1593 376 1645 motus
390 1589 523 1663 inquieti,
544 1593 645 1655 nature
664 1584 757 1656 coam
783 1587 819 1643 ad
841 1586 996 1645 faciendum
1015 1605 1101 1662 quarn
1123 1588 1162 1645 ad
1183 1588 1223 1645 di-

142 1672 259 1732 cendum
288 1674 469 1748 promtiores:
501 1673 619 1749 proinde
642 1672 765 1731 secunda
784 1672 958 1745 adversaque
980 1670 1092 1729 silentio
1116 1678 1222 1748 tegunt

117 1756 314 1833 9Prinoipibus
326 1765 415 1828 metu,
435 1774 492 1814 nou
504 1757 611 1832 pudore
624 1762 730 1833 parent.
773 1755 806 1813 ln
828 1754 968 1813 libidinem
986 1756 1121 1831 proiecti,
1142 1757 1173 1815 iu
1188 1757 1224 1831 e'i·

103 1846 136 1898 10
144 1842 209 1901 bum
232 1842 317 1919 parci.
359 1840 384 1898 F
387 1842 446 1899 ides
464 1842 545 1897 dictis
563 1842 760 1917 promissisque
776 1838 866 1911 nullu,
888 1840 940 1897 uisi
952 1846 1090 1914 quatenns
1103 1842 1222 1918 expedit

120 1930 136 1983 1
165 1946 170 1997 3
220 1925 273 1983 lV.
295 1924 364 1983 Post
382 1934 498 1984 mortem
513 1925 662 1984 Alexandri
680 1924 777 2000 Magni
796 1944 857 1983 cum
870 1925 946 1982 inter
968 1943 1144 1986 successores
1167 1929 1222 1985 eius

93 2054 105 2067 ,
144 2009 266 2069 Orientis
283 2029 370 2084 regua
392 2010 593 2087 dividerentur,
616 2009 688 2067 nullo
710 2008 893 2067 Macedonum
911 2002 1044 2084 dignante
1059 2010 1224 2070 Parthorum

117 2094 293 2175 timperinm,
309 2094 466 2171 Steguori,
488 2100 602 2155 externo
629 2096 724 2171 socio,
752 2084 879 2170 traditur.
921 2094 961 2153 Hi
979 2100 1080 2173 postca
1104 2096 1223 2157 diductis

167 2332 185 2395 s
204 2333 244 2386 10.
279 2329 544 2396 mornaplumotoe]
563 2345 620 2391 „ex
638 2324 738 2379 luminis
754 2325 849 2379 ferreis
865 2326 893 2381 iu
907 2326 1007 2379 modum
1025 2326 1131 2394 plumae
1147 2328 1224 2382 lectis

100 2398 264 2453 oonsemaef‘
279 2401 402 2451 Berricen.
442 2398 471 2448 V.
491 2396 565 2449 Snid.
581 2413 625 2463 op.
644 2397 727 2451 Grou.
746 2414 770 2464 p.
790 2399 851 2452 981.
1086 2426 1090 2435 ·

169 2467 200 2519 G.
219 2467 268 2519 lli.
294 2471 310 2532 §
330 2471 353 2520 1.
387 2467 490 2535 plures]
523 2465 609 2519 Etiam
634 2465 683 2519 hoc
699 2482 716 2519 a
732 2463 817 2519 Medis
840 2472 991 2535 oocopmu,
1015 2481 1067 2519 uon
1092 2465 1224 2536 proprium

99 2535 205 2591 Parthis
223 2536 303 2588 luisse
318 2535 440 2587 arbitror·
1115 2580 1121 2587 ,

169 2605 230 2670 §3-
263 2604 413 2670 venatibus]
434 2604 464 2655 V.
483 2603 606 2654 Barnecc.

156 2677 185 2738 ,ς
200 2674 227 2727 5.
260 2673 411 2741 sepultura]
430 2672 609 2739 Hyrcanorum
625 2670 690 2721 haec
708 2671 815 2739 propris
832 2679 909 2736 erate
926 2670 961 2724 de
979 2669 1085 2723 Parthis
1102 2668 1225 2733 dublum

102 2760 128 2795 r.
144 2742 220 2793 Voss.
239 2742 271 2793 ud
289 2743 315 2793 lr.
332 2741 351 2792 l.
374 2740 463 2792 addita
486 2747 568 2791 tamen
594 2738 733 2791 Strabonis
755 2740 930 2793 admonitione
947 2739 994 2794 XI.
1016 2755 1069 2808 pag
1097 2739 1154 2796 364
1171 2757 1223 2810 pra

100 2807 158 2863 ἔστι
174 2804 228 2875 γάρ
246 2826 288 2868 τις
304 2807 353 2862 καὶ
369 2804 448 2875 κοινὴ
469 2806 565 2860 δίαιτα
581 2802 696 2859 πάντων
717 2807 777 2859 τῶν
798 2806 950 2875 τοιούτων,
976 2801 1013 2876 ἣν
1030 2804 1168 2870 πολλάκις
1184 2805 1224 2863 λέ·

99 2877 320 2947 ym'(Nomadum
346 2885 374 2929 et
398 2877 490 2946 Caspii
506 2877 584 2930 muris
602 2877 768 2945 areolarum).
801 2876 859 2931 Kal
884 2876 975 2945 ταφαὶ
999 2873 1030 2930 d’
1054 2875 1109 2931 eloi
1133 2894 1224 2945 zupu-

99 2943 215 3015 staram
230 2943 279 2999 sul
293 2942 353 3014 ἤθη
372 2953 435 2999 cett.
455 3003 458 3010 ¹
1185 2948 1191 2959 '
1209 2986 1214 2991 .

49 3070 54 3077 ,
113 3058 131 3079 ;,
164 3020 186 3082 .§
204 3016 229 3068 6.
266 3015 401 3081 omnibns]
431 3015 519 3069 Etiam
541 3014 617 3067 huius
640 3014 691 3067 loci
714 3032 801 3069 reram
825 3014 960 3069 lectionem
975 3013 1007 3067 ·l.
1024 3014 1071 3068 Fr.
1088 3015 1224 3069 Grouorlo
1287 3076 1290 3081 ¹

100 3086 238 3148 debemus,
257 3093 332 3138 acute
349 3087 493 3148 inventam,
510 3084 592 3138 docte
611 3085 746 3152 probatam
758 3087 791 3136 in
812 3085 889 3136 Obss.
909 3084 955 3139 IV.
972 3102 994 3135 c.
1017 3087 1058 3138 10.
1093 3084 1182 3137 Codd.
1198 3094 1225 3137 et

99 3155 158 3209 edd.
175 3171 279 3207 omues:
297 3156 416 3207 omnibus.
453 3155 605 3206 Praeterea·
617 3153 706 3222 nepoti
730 3153 818 3222 placet
842 3153 970 3222 scriptura
986 3155 1005 3208 3
1021 3152 1097 3209 codd.
1115 3160 1146 3207 et
1164 3153 1224 3207 edd.

99 3232 180 3278 vett:
199 3224 229 3275 Io
246 3241 302 3292 sup.
320 3225 357 3276 od
374 3241 462 3276 curam
481 3224 524 3286 d.,
542 3222 559 3273 i.
578 3239 594 3275 e
620 3228 725 3291 praeter
742 3238 829 3275 euram
846 3223 959 3275 deorum.
996 3227 1011 3277 1
1030 3221 1132 3290 Bouga
1150 3224 1225 3277 etad

40 3332 43 3339 .
100 3310 196 3353 earnm·

11 3418 14 3423 ⁴
168 3363 228 3427 §7-
263 3359 377 3428 Regino:
409 3360 503 3429 quippo
524 3360 634 3412 eundem
655 3360 825 3426 ferocitatem
843 3359 953 3425 feminis
979 3376 1058 3428 pum
1081 3359 1151 3412 stris
1175 3362 1224 3413 ud·

98 3432 215 3502 algmana
932 3476 936 3481 .

168 3501 245 3564 §1⁰-
281 3496 359 3550 dictis
374 3497 572 3565 promissisque]
602 3495 632 3548 ln
658 3497 809 3549 recensione
832 3496 1001 3549 Gronoviuun
1026 3494 1223 3551 aFrutsolrero

98 3584 192 3623 recusa
209 3568 332 3620 babetur:
352 3567 418 3621 dicti
430 3567 615 3634 promissique,
635 3574 664 3619 ut
681 3567 827 3629 saresber,
847 3567 864 3620 5
881 3565 973 3629 codd,
990 3565 1112 3631 3Dorv.,
1130 3568 1222 3630 Goth„

98 3637 193 3705 Prata,
211 3638 257 3689 sed
275 3635 359 3687 nullus
374 3634 458 3702 Boug.
949 3670 952 3677 ,
1101 3662 1103 3667 .
1119 3678 1126 3685 .

167 3705 198 3757 C.
216 3706 260 3758 lV.
285 3708 302 3769 9
321 3708 344 3759 1.
379 3704 524 3773 stagnus]
554 3703 601 3755 Sic
618 3702 743 3770 Bongars.
762 3719 778 3754 e
795 3701 849 3754 suis
867 3708 973 3772 praeter
986 3718 1082 3765 auum,
1106 3702 1223 3771 quod'ut

99 3774 263 3844 peregrinum
280 3789 370 3826 nomen
386 3775 516 3839 attingere
540 3789 591 3825 non
611 3786 689 3823 ausus
713 3786 784 3834 sum3
808 3772 977 3824 Ststooorem
990 3787 1053 3824 vero
1071 3772 1115 3823 rel
1132 3774 1223 3827 Stase-

99 3859 185 3896 norem
203 3842 329 3910 intelligi,
360 3842 402 3894 cui
426 3857 508 3910 supra
533 3842 649 3894 Drances
674 3845 701 3891 et
718 3844 800 3893 areos
822 3850 911 3893 noster
928 3841 1073 3904 tribueret,
1097 3840 1127 3893 id
1147 3843 1222 3895 valde

98 3911 203 3967 dubium
220 3919 279 3974 θοις
297 3929 323 3966 v.
340 3911 422 3974 Xlll,
439 3909 472 3972 4,
490 3914 506 3976 S
522 3913 565 3965 22
583 3911 626 3965 23.
663 3911 678 3963 1
697 3909 797 3977 Boug.,
814 3909 908 3973 Crem,
926 3911 1024 3976 Prog„
1041 3909 1142 3963 Getae
1160 3914 1222 3967 Sto-

98 3980 204 4050 garuni.
238 3980 312 4031 Aldu
330 3981 484 4041 Strenuum,
504 3979 572 4047 quod
589 3983 751 4046 receperunt.
785 3978 916 4030 Diodorus
933 3978 1092 4045 Hyrcanium
1110 3988 1140 4033 et
1159 3981 1222 4034 Pur»

98 4048 194 4112 eblum,
217 4064 281 4116 quas
299 4054 327 4101 ut
344 4065 359 4101 a
378 4048 464 4103 Persis
489 4055 519 4100 et
543 4048 689 4101 Alexandro
708 4044 831 4101 Arrianus
849 4047 1002 4114 (lusit),
1034 4046 1075 4101 ite
1091 4055 1154 4116 post
1169 4049 1223 4102 eius

98 4116 196 4170 obitum
222 4133 238 4168 a
261 4115 371 4169 ducibus
395 4116 545 4169 ooniumtes
570 4131 628 4169 esse
650 4120 765 4169 testatur
787 4116 883 4170 Strabo
901 4116 963 4182 (lll.
981 4133 1042 4187 pag.
1059 4115 1115 4173 354
1131 4119 1223 4188 merl),
