2624 4606
119 232 161 297 12
315 220 319 227 ’
480 194 884 291 rns'nrnr

135 385 251 445 tlHuius
262 385 396 462 requisita
410 384 517 461 origine
529 388 562 442 nt
580 384 611 441 in
620 381 712 457 Perpir
727 383 851 460 genitum
864 382 988 457 audivit,
1009 384 1112 444 demtis
1131 404 1247 467 compe·

22 522 25 531 ,
134 470 443 546 tdibmaasumtoque
461 469 561 527 comite
578 467 742 549 Persepolin
760 468 927 544 regreditur.
970 468 1013 528 lbi
1026 477 1247 551 convocatopc-

162 554 230 633 polo
244 557 322 614 iubet
340 573 426 613 omaro
434 558 541 633 praesto
556 570 616 611 cusa
634 554 768 612 cecuutue
786 551 877 611 αάωκ
890 558 916 611 et
935 552 1032 614 η’ὶυαπι
1049 557 1113 615 ciue
1129 559 1248 616 damn-

136 639 256 700 5dutum
273 639 399 699 excidere.
443 638 528 706 Quod
546 658 608 697 cunr
627 644 740 697 strenue
758 639 904 711 fecissent,
931 640 1046 699 eoadem
1066 647 1181 719 postera
1199 642 1247 703 die

139 727 306 804 6apparatis
322 724 410 803 epulis
428 724 544 794 invitat3
569 724 673 782 deinde
687 743 750 783 cum
767 723 912 782 alacriores
930 723 992 802 ipso
1009 726 1137 783 convivio
1156 728 1246 788 iactos

162 811 286 883 videret,
311 815 408 885 rogat:
436 806 593 867 riconditio
607 813 739 887 ponatur,
767 811 856 867 utrim
869 811 944 866 vitae
962 815 1058 867 cortem
1068 809 1178 887 legarat,
1198 811 1247 871 te-

162 897 245 953 stesrct
258 893 358 953 inbuto
371 912 408 951 uo
420 896 598 972 praesentium
611 892 772 970 pulcram?
805 892 991 952 Praesertim
1007 900 1041 952 ut
1062 895 1248 957 acclamavere

163 998 274 1054 omnes,
295 982 337 1038 ait
354 979 472 1037 hesterno
484 978 595 1037 ciuilem
611 978 698 1037 labori
711 995 810 1038 omnem
824 982 909 1037 vitaer
922 985 1047 1052 murm,
1076 979 1167 1057 quood
1179 978 1247 1041 Me·

137 1065 206 1124 idic
215 1069 346 1143 purcant:
367 1082 395 1121 ec
406 1068 517 1137 soom,
537 1062 668 1122 hodiernis
682 1063 776 1142 epulis.
803 1062 901 1122 Laelia
913 1065 1058 1138 omnum,
1076 1063 1171 1124 Medis
1186 1066 1247 1127 bel·

138 1150 221 1209 8lum
240 1151 333 1208 infert.
374 1146 515 1226 Astyages
535 1150 626 1208 meriti
643 1151 687 1207 aui
703 1150 733 1206 in
747 1148 886 1227 Harpago
905 1149 1008 1208 oblitru
1025 1140 1159 1209 summam
1179 1150 1247 1211 belli

137 1235 255 1294 9eidem
268 1233 428 1294 committit:
451 1234 500 1311 qui
515 1234 663 1294 exercitum
682 1239 823 1313 acceptum
846 1235 940 1293 atatim
958 1232 1034 1309 cyro
1054 1254 1107 1314 per
1123 1235 1248 1295 deditio·

164 1339 229 1379 nem
255 1320 371 1377 tradidit
400 1320 530 1395 regiaque
556 1319 745 1379 crudelitatem
770 1318 888 1396 perfidia
909 1319 1070 1377 deiectionis
1098 1317 1247 1381 ulciscith

123 1410 159 1464 10
165 1404 250 1473 Quod
268 1405 316 1462 ubi
337 1401 475 1480 Astyages
495 1404 615 1481 audivit,
635 1403 782 1462 conuectis
795 1404 919 1478 undique
934 1402 1040 1462 auxiliis
1059 1404 1120 1482 ipsc
1132 1405 1163 1463 in
1177 1404 1248 1466 Per-

165 1507 210 1547 aac
222 1489 417 1567 proficiscitur:
437 1495 467 1548 et
479 1489 602 1567 repetito
613 1488 728 1546 alacrius
740 1488 890 1547 certamine
909 1488 1100 1567 pugnantibus.
1110 1489 1167 1548 auis
1180 1508 1248 1568 par·

72 1634 75 1639 ,
164 1581 222 1633 tem
237 1574 370 1633 exercitus
383 1573 421 1633 de
431 1580 513 1649 tergo
526 1574 607 1653 ponit
619 1579 648 1632 et
664 1573 878 1649 tergiversantes
896 1574 971 1632 ierro
992 1574 1039 1649 agi
1055 1573 1085 1631 in
1095 1568 1189 1634 hortea
1202 1576 1248 1635 in·

123 1658 228 1720 libet:
249 1678 283 1718 ac
295 1660 444 1718 denuntiat
454 1659 523 1732 suis,
544 1662 575 1717 ai
585 1661 733 1731 attererent,
753 1677 806 1716 ooo
823 1660 909 1715 minue
925 1656 1015 1737 fortes
1024 1662 1087 1735 port
1109 1663 1189 1735 tergo
1202 1663 1249 1721 ia·

165 1748 289 1802 uenturos
303 1761 381 1821 quam
393 1764 412 1802 u
423 1743 562 1823 frontibus
578 1747 668 1802 ntus:
685 1742 796 1821 procide
808 1742 927 1816 uideant,
943 1742 1116 1822 fugientibus
1130 1745 1197 1803 trux
1208 1764 1263 1806 aa·

124 1832 158 1889 12
166 1829 217 1888 illu
235 1829 419 1906 pugrraotoiur
442 1830 513 1887 uetes
530 1826 674 1907 rumpendo
693 1831 739 1886 ait.
781 1829 884 1902 lugens
901 1833 966 1907 post
982 1830 1182 1888 receenatem.
1191 1848 1248 1908 pn·

124 1915 272 1991 ltgnandi
291 1916 398 1973 animus
419 1914 550 1973 exercitui
569 1915 627 1975 eiuc
645 1914 767 1972 accessit.
808 1912 892 1971 Pulsa
910 1914 1007 1990 itaque
1023 1934 1086 1973 omn
1098 1913 1247 1975 Persarum

166 2001 239 2058 acies
251 1999 393 2077 paullatim
404 1999 535 2075 cederet,
562 2005 665 2059 matres
683 2004 711 2058 et
727 2016 826 2058 uxores
845 2016 942 2059 eorum
960 1999 1072 2059 obviam
1091 2004 1245 2077 murore,

124 2196 265 2279 emtores
283 2203 311 2254 et
331 2200 382 2255 alia
399 2199 470 2272 apud
487 2201 619 2269 Vossium3
644 2200 710 2257 adde
729 2202 1075 2273 Atropates-Satrcpatcs
1092 2200 1162 2273 apud
1177 2201 1247 2258 Our-

123 2274 188 2319 trum
202 2267 248 2332 w,
268 2271 295 2334 9,
311 2271 338 2325 7.
372 2270 471 2327 Ooddc
497 2275 637 2343 Spbureme
660 2288 725 2326 nnus
738 2272 822 2325 Vosaii
842 2279 869 2325 et
878 2272 940 2337 vlt,
960 2274 974 2326 1
995 2274 1170 2342 unusBong.c
1197 2274 1248 2328 Sc·

123 2336 220 2389 turen.
237 2338 285 2391 Sic
295 2357 342 2410 pro
359 2343 453 2397 dicero
468 2359 534 2395 nnus
548 2344 630 2411 Bong.
640 2342 736 2425 ubique
752 2343 856 2409 Grpeuc
879 2336 1010 2395 Soetore'n
1020 2341 1124 2395 interim
1135 2341 1249 2410 exprlnl

119 2405 287 2472 'coracinum
307 2409 366 2463 dum
382 2411 536 2480 permutatio
547 2411 703 2480 diphthongi
715 2428 746 2463 oc
759 2427 817 2464 cum
829 2409 912 2463 literis
925 2412 936 2464 i
949 2418 977 2464 et
990 2430 1024 2479 ς,
1040 2412 1074 2465 de
1083 2426 1136 2480 qua
1144 2410 1248 2463 Same-

122 2473 175 2525 sius
201 2474 234 2527 ad
266 2479 398 2546 Spartica.
422 2479 506 2534 Hadr.
531 2497 558 2549 p.
581 2481 649 2545 216,
678 2481 812 2533 doctorum
833 2497 916 2551 opera
933 2479 1090 2550 exploratior
1114 2478 1182 2546 erit3
1209 2478 1247 2534 ci.

93 2554 96 2560 '
123 2543 275 2597 Schneidcri
285 2548 487 2613 gramatii,
501 2549 525 2600 1.
540 2565 566 2616 p.
581 2550 615 2602 82
659 2585 666 2600 .
746 2586 749 2591 -
1054 2580 1058 2589 ·

160 2677 168 2692 ι
194 2609 250 2675 Si.
268 2615 377 2682 adesse]
395 2614 504 2668 Plurimi
521 2615 597 2668 codd.
612 2566 733 2685 ealong.
747 2615 803 2669 sine
816 2632 842 2670 r.
855 2615 888 2671 lc
906 2633 976 2683 eree,
1000 2616 1070 2687 qnod
1083 2616 1248 2690 recepissem,

123 2679 646 2823 coenomanorum
821 2686 1250 2828 ...em

266 2784 276 2811 9
544 2791 553 2818 p
647 2793 654 2807 e
803 2792 810 2808 s

109 2831 224 2886 -neque,
242 2823 271 2870 ut
285 2819 366 2884 colet,
392 2822 496 2875 ecodd.
511 2824 660 2877 correxisse.

48 2900 51 2905 '
181 2887 210 2968 ‘S
226 2887 252 2943 6.
275 2891 411 2957 ponatur]
432 2890 479 2945 Sic
499 2890 575 2945 codd.
591 2893 695 2962 Bong.,
719 2895 737 2947 9
757 2892 900 2959 Gronovii,
927 2893 1136 2959 Crac.‚·Goth.‚
1231 2930 1250 2961 .,

124 2958 221 3006 rectius
235 2972 311 3026 quarn
327 2958 416 3028 vulg.=
439 2970 619 3030 proponatur3
648 2962 683 3014 ci.
707 2962 826 3015 Gronov.
848 2980 875 3034 p.
895 2966 957 3029 780,
981 2962 1111 3018 Drakenb.
1136 2960 1171 3017 ad
1188 2961 1249 3015 hv.

123 3021 249 3089 XXXIX,
268 3027 300 3081 17
317 3026 350 3081 al.
384 3029 476 3083 Paullo
491 3036 552 3084 ante
560 3031 642 3084 'codd
657 3028 755 3101 Boug.=
783 3032 852 3085 dcto.

191 3095 326 3159 domani]
353 3098 367 3150 1
383 3096 474 3168 Bong„
498 3099 622 3164 altrea,
640 3100 727 3165 Grac,
745 3100 842 3154 Gutta:
861 3101 1019 3166 helmoino,
1036 3096 1143 3154 mollius.

192 3167 209 3230 S
224 3166 249 3219 8.
267 3165 295 3218 in
309 3164 461 3236 Harpago]
483 3168 531 3221 Sic
546 3168 621 3222 codd.
634 3184 719 3223 omnes
739 3169 808 3238 apud
824 3170 950 3234 Gronov„
967 3168 1059 3232 Goth„
1075 3167 1119 3234 at,
1144 3180 1176 3219 ac
1196 3181 1249 3235 par

123 3249 238 3288 errorem
251 3232 306 3287 sine
321 3233 401 3289 dubio
413 3236 495 3307 Bong.
507 3255 541 3290 ex
552 3256 604 3291 uno
619 3242 720 3291 tantum
733 3255 779 3293 suo
792 3240 899 3309 profert.
934 3238 987 3291 Eat
998 3235 1085 3291 meriti
1098 3235 1124 3288 in
1139 3233 1249 3303 Herpe-

124 3319 159 3370 go
172 3302 309 3368 collocati,
328 3309 358 3357 ut
376 3303 482 3359 dicimus
498 3324 606 3376 peccare
624 3306 654 3360 io
676 3309 777 3375 aliquo,
801 3317 910 3378 grmum
924 3307 1020 3361 cascia
1036 3303 1205 3360 benemerito
1219 3309 1249 3358 ct

125 3369 176 3424 alta
187 3372 250 3425 satis
262 3378 333 3427 nota.
367 3372 436 3427 Edd.
447 3375 505 3429 iere
516 3392 616 3428 omues:
634 3376 663 3427 io
673 3376 850 3446 Humagum,
867 3383 897 3430 ut
910 3375 987 3428 Grac.

193 3441 248 3504 59.
264 3458 312 3510 per
324 3443 497 3513 deditionem]
516 3444 562 3497 Sic
575 3459 661 3496 omncs
673 3444 730 3496 iere
742 3445 833 3507 codd..
855 3441 1036 3512 integerrimec
1058 3440 1188 3510 significat
1202 3458 1248 3496 ra·

83 3546 86 3553 .
124 3506 220 3560 tionem
234 3526 265 3562 ac
279 3511 386 3564 formam
401 3512 530 3566 tradendi
566 3513 716 3565 Gronovius
727 3531 759 3565 ex
773 3514 831 3567 edd.
844 3518 924 3566 vett:
947 3529 995 3581 per
1003 3513 1199 3581 proditionem,
1217 3518 1249 3566 ut

124 3574 198 3630 netu.
212 3577 231 3631 5
243 3577 429 3649 interpolatur,
454 3583 530 3635 Oros.
545 3586 573 3633 et
586 3581 733 3651 Freonlplr„
751 3584 796 3650 qui
809 3582 873 3636 talia
884 3580 980 3651 ubique
992 3590 1093 3635 mutare
1107 3582 1198 3635 solent.

195 3647 213 3710 §
232 3649 274 3701 11.
286 3651 374 3713 sortes
392 3658 454 3719 poet
472 3650 568 3720 tergo]
593 3650 638 3702 Sic
655 3652 671 3704 8
689 3651 765 3703 codd.
781 3655 850 3721 apud
863 3653 995 3713 Gronov..
1011 3651 1040 3704 in
1053 3650 1147 3721 quibus
1159 3649 1248 3719 optimi

125 3713 189 3777 eius,
213 3715 332 3784 1Bong.,
350 3718 447 3781 crae„
456 3720 536 3771 Goth.
571 3719 696 3787 Vulgati:
714 3722 801 3785 fortee
823 3724 929 3775 etiosa
949 3728 1017 3791 pcat-
1031 3729 1069 3784 t.‚
1085 3720 1249 3787 ineleganter

124 3787 255 3852 proptera
291 3804 314 3839 .=
335 3804 412 3855 quum
424 3806 442 3841 o
449 3791 535 3855 frunt.
553 3818 589 3828 -
613 3789 737 3841 Ceterum
749 3793 848 3858 quae§
866 3790 979 3845 10-15
992 3794 1146 3852 narrantur,
1163 3804 1249 3856 neque

125 3851 195 3919 apud
209 3852 280 3905 Hero
299 3856 367 3907 otum
381 3856 419 3923 (l,
437 3859 487 3912 127
500 3856 553 3925 sq.)
567 3857 605 3910 ita
619 3858 707 3925 legas,
732 3874 816 3927 neque
827 3859 896 3928 apud
908 3859 1049 3913 Diodorum
1062 3857 1110 3911 lX.
1123 3874 1150 3927 p.
1162 3854 1197 3910 46
1207 3873 1247 3924 sq.

124 3919 181 3972 aive
191 3919 327 3990 Excerptt.
345 3922 430 3978 Vates.
451 3943 476 3997 p.
489 3927 550 3992 238,
575 3926 619 3995 qui
639 3925 771 3979 breviores
786 3933 844 3980 sunt
863 3927 891 3980 in
906 3930 956 3981 hoc
973 3928 1040 3981 loco.
1077 3926 1126 3979 Vel
1145 3942 1161 3978 e
1181 3924 1248 3977 Cte-

111 3988 166 4053 vsia
186 3989 259 4072 vele
282 3992 410 4046 clusoria
428 3995 602 4065 Lampsaceni
614 3998 763 4060 Περσικοῖς
781 3996 977 4068 Theopompum
993 3996 1050 4050 alva
1070 3996 1186 4066 Trogum
1204 3993 1249 4047 laic

126 4058 265 4127 proiecisse
279 4064 360 4129 putor
378 4062 576 4118 ci.Creuzerum
589 4081 614 4132 p.
628 4066 689 4118 100.
1244 4068 1248 4077 '

193 4130 211 4194 S
225 4128 267 4184 12.
285 4129 359 4199 cius]
376 4129 425 4184 Ma.
439 4132 523 4203 Bong.
536 4140 564 4188 ct
578 4131 653 4186 Leid.
671 4130 704 4187 52
721 4139 749 4187 et
759 4130 814 4199 uit,
830 4134 961 4201 probante
973 4133 1100 4191 Graeno.
