2624 4606
296 1085 556 1193 runnu
607 1082 1002 1221 ooulouu.
1057 1063 1081 1254 J

89 1558 221 1618 1-13.
242 1552 427 1628 Bongcrcrimi
446 1551 584 1628 tredecim,
604 1553 734 1613 recensiti
750 1569 835 1632 supra
847 1571 912 1632 pag.
925 1552 977 1614 Vll
994 1574 1054 1632 sq„
1075 1554 1211 1632 antiquis·

173 1639 236 1698 simi
249 1657 282 1697 ac
295 1637 523 1717 praestantissimi
538 1638 668 1697 omnium.
690 1638 815 1706 Quorum
828 1635 961 1698 lectiones
974 1639 1092 1719 optimas
1108 1658 1141 1698 ac
1151 1654 1211 1698 cer-

172 1725 295 1782 tissimas
317 1723 345 1780 iu
366 1723 411 1783 ed.
429 1723 558 1801 recepit3'
569 1727 676 1782 ceteras
696 1722 726 1780 in
744 1718 848 1780 Libello
861 1727 1000 1783 cumanam
1014 1723 1155 1783 lectionum
1171 1724 1212 1782 ita

174 1807 370 1884 consignavit,
396 1812 434 1866 nt·
447 1807 544 1868 litteris
564 1806 633 1868 MS.
655 1809 751 1881 unius,
775 1804 869 1869 MSS.
891 1810 1008 1869 duorum
1028 1808 1072 1870 vel
1092 1808 1212 1887 plurium

173 1894 307 1952 lectiones
323 1892 465 1951 iudicaret.
508 1891 586 1951 Nihil
607 1893 732 1970 proiecto
753 1892 857 1951 Iustino
877 1893 1002 1955 accidere
1021 1898 1132 1973 poterat
1152 1892 1213 1952 teli-
1288 1905 1292 1911 '

173 1978 250 2053 cius,
271 1995 353 2053 quam
370 1981 402 2035 ut
416 1976 586 2055 Bpngarsius
606 1983 803 2055 praetersnae
818 1979 919 2037 aetatis
938 1997 1043 2038 morem
1059 1979 1111 2037 hos
1127 1977 1212 2036 libros

173 2081 237 2122 cum
255 2062 321 2120 edd.
340 2062 478 2120 conterret
492 2059 709 2134 accuratissime,
731 2066 760 2120 et
772 2061 913 2140 scriptoris
926 2063 1010 2122 verba
1023 2063 1090 2122 inde
1106 2081 1212 2120 summa

172 2147 232 2205 fide
245 2147 420 2228 restitueret3
441 2147 491 2221 sed
510 2146 583 2204 idem
601 2144 772 2220 singulorum
793 2145 964 2205 notationem
984 2167 1035 2204 uos
1054 2166 1150 2224 passus
1169 2153 1213 2205 est
1248 2210 1251 2218 ,

173 2231 349 2290 desiderare:
372 2249 444 2306 qaae
460 2231 565 2288 iactura
583 2229 758 2288 acerbissima
772 2233 805 2287 ut
816 2229 1002 2305 Bongaraiani
1016 2230 1168 2289 subtilitate
1179 2249 1213 2288 ac

173 2318 294 2377 veritate
311 2314 427 2387 iudicii,
455 2316 556 2392 ubique
579 2313 751 2392 conspicua,
779 2314 985 2389 quodammodo
1005 2316 1146 2388 sarcitur,
1174 2314 1214 2372 ita

173 2399 268 2459 multis
289 2398 356 2458 locis
379 2398 587 2479 ambiguitatem
609 2399 693 2458 infert
710 2397 932 2458 molestissimam
947 2403 978 2460 et
997 2399 1131 2459 incertum
1147 2398 1214 2458 hae·

175 2504 240 2544 rere
258 2483 376 2542 criticum
395 2484 557 2563 saepissime
575 2485 658 2560 cogit.
702 2481 823 2558 (Similia
837 2485 891 2543 iam
913 2489 1028 2561 questus
1043 2490 1088 2543 est
1100 2483 1214 2544 Fische-

175 2589 240 2642 ms,
259 2568 350 2629 Praef.
364 2589 392 2647 p.
406 2569 472 2644 XI.)
509 2569 541 2626 Iu
555 2569 681 2627 omnibus
693 2569 839 2628 exstabant
853 2567 968 2646 Prologi
984 2568 1106 2647 Pompeii
1120 2568 1214 2646 Trogi,

175 2673 248 2730 quos
260 2653 439 2732 indeprimua
459 2654 548 2713 edidit
563 2653 743 2729 bongarsius.
786 2651 844 2731 [De
865 2655 927 2713 cod.
945 2653 1111 2715 Lexoviensi
1132 2655 1214 2712 nimis

175 2740 284 2798 incerta
300 2758 345 2798 res
367 2743 428 2812 est,
450 2756 534 2814 quam
553 2744 585 2797 nt
601 2740 661 2799 eius
684 2737 814 2797 auxilium
835 2757 1044 2816 quaereremua3
1073 2741 1107 2799 et.
1121 2738 1213 2798 Fisch.

173 2823 266 2902 praefi
287 2843 316 2901 p.
329 2821 418 2882 VIIII.
437 2822 532 2883 XVIII
551 2821 607 2902 sip]

94 2949 142 3015 14.
166 2949 215 3014 15.
259 2949 321 3007 Dato
334 2947 492 3021 Foldearer,
514 2949 682 3023 membran,
703 2948 881 3008 aFrancisco
897 2948 995 3009 Medio
1008 2949 1115 3021 collatu
1136 2966 1215 3025 prae·

175 3041 281 3093 stantes
301 3040 329 3092 et
348 3035 409 3112 ipsi.
453 3034 533 3102 Quos
553 3053 615 3092 cum
637 3036 761 3092 conterre
780 3035 934 3094 institueret
950 3035 1079 3106 Modins,
1100 3032 1215 3105 „incre-

53 3130 57 3141 '
179 3117 263 3178 dibile
285 3119 382 3191 dictu,
403 3120 516 3195 iuquit,
545 3124 648 3195 quanta
669 3117 813 3192 diligentia
835 3119 1005 3179 omniafere
1026 3115 1230 3191 aBongarsio·

176 3209 327 3281 praecepta
343 3209 372 3261 et
385 3209 518 3290 occupata
534 3203 702 3281 repererim,
724 3202 771 3259 ubi
791 3203 906 3279 egregie
922 3223 967 3262 me
981 3204 1125 3262 venditare
1140 3201 1217 3277 cogi·

174 3288 302 3346 tabam.“
345 3286 423 3346 can.
440 3287 575 3365 Prologia.

74 3419 85 3430 ‘
115 3422 119 3428 ’
242 3401 418 3474 Orouieuses
437 3415 466 3472 in
486 3413 653 3479 edit.1684
672 3411 845 3473 contulerunt

98 3517 142 3580 16.
169 3515 365 3589 Bodleianum,
387 3496 562 3590 membranl,
584 3514 605 3580 4
623 3514 703 3586 mai,
723 3513 786 3592 ipso
807 3518 879 3573 teste
899 3512 1041 3572 Gronovio
1066 3515 1218 3584 recentior,
1292 3490 1304 3511 ’¹

176 3600 349 3678 aliquantum
369 3599 563 3679 interpolatus.

43 3726 48 3735 ⁴
97 3727 142 3790 17.
173 3725 316 3803 Regium,
338 3725 381 3791 vel
402 3708 720 3799 Westmonastcrierrsern,
742 3723 873 3797 membr,
896 3724 917 3788 4
937 3723 1024 3798 min.;
1053 3704 1167 3805 paullo,
1190 3729 1219 3782 ut

176 3812 303 3884 videtur,
328 3811 490 3889 antiquior,
509 3812 559 3879 sed
574 3829 678 3890 paucae
694 3829 728 3870 ex
747 3829 780 3870 eo
794 3806 926 3868 lectiones
940 3818 1133 3870 memorantur.

98 3940 145 4002 18.
172 3936 290 4014 colagis·
307 3935 399 4011 Noai,
419 3937 552 4013 membr,
571 3935 592 4003 4
609 3918 812 4014 mapparum
830 3952 865 3994 ex
878 3935 1008 4013 ingenio,
1029 3937 1158 4017 partitae
1171 3954 1220 3994 ve-

178 4023 301 4083 tustiore
316 4025 380 4084 eod.
400 4022 578 4129 retenenter
595 4019 786 4102 interpolatus.
947 4105 997 4172 2*
