2624 4606
289 240 475 316 nr'sron
510 256 594 316 ura.
616 255 702 316 xnu.
732 254 829 319 car.
850 257 880 324 4.
902 258 931 322 ⁵.
1104 260 1171 324 aso
1255 268 1291 298 ··

31 460 35 468 .
56 431 131 472 mum
143 409 263 485 Scythas
277 411 404 489 precibus
424 411 584 486 fatigasset,
604 409 766 485 Scytharum
784 413 903 470 maximo
922 409 1020 469 auxilio
1038 412 1071 482 in
1083 431 1128 471 re·

57 515 143 573 guum
159 496 323 553 restituitur.
364 495 428 552 Hoc
443 496 557 553 absente
578 512 672 570 regem
692 493 788 553 Parthi
807 495 961 555 Tiridatem
981 497 1153 571 quemdamo

57 581 269 640 constituerant:
290 579 338 654 qui
353 579 447 635 audito
464 580 588 636 adventii
598 579 759 654 Scytharum
779 599 840 639 cum
858 599 960 656 magna
980 581 1127 638 amicorum

56 683 140 725 manu
152 664 189 720 ad
200 663 352 721 Caesarem>
362 663 390 719 in
403 663 566 742 Hispaniam
577 662 677 720 bellum
688 669 754 722 tuuc
765 665 896 741 temporis
908 669 1050 739 gerentem
1061 683 1128 742 pro-

56 749 144 824 fugit,
165 748 289 804 obsidem
309 747 422 804 Caesari
440 747 580 804 minimum
599 744 684 805 illium
696 746 842 805 Phrahatis
855 748 962 821 ferens,
983 754 1128 823 quemne·
1173 808 1177 815 λ
1248 774 1255 781 ·

57 833 205 910 gligentius
218 832 382 888 custoditum
392 836 529 909 rapuerat.
574 830 639 898 Quo
652 832 765 907 eoguito
784 831 935 890 Phrahates
952 831 1058 908 legatos
1072 833 1174 892 sta-7'

56 919 107 976 tini
119 917 156 973 ad
172 916 320 976 Caesarem
334 916 434 988 mittit,
453 933 555 972 imnum
568 934 645 973 mum
662 912 810 972 Tiridatem
825 921 851 971 et
858 917 950 994 fitium
967 919 1069 973 remitti
1079 917 1131 975 sibi
1159 932 1163 945 ’
1209 987 1211 992 ,

57 999 189 1082 postulat.
232 999 337 1056 Caesar
357 1005 385 1056 et
401 996 540 1074 legatione
554 998 697 1057 Phrahatie
706 1001 807 1057 audita
820 1007 850 1058 et
861 1000 992 1059 Tiridatis
1005 999 1155 1076 postula-8

57 1087 94 1145 tis
108 1082 225 1158 cognitis
235 1081 315 1156 (nam
330 1089 359 1140 et
371 1083 433 1159 ipse
444 1084 550 1142 restitui
559 1084 591 1141 iu
605 1101 720 1158 regnum
734 1084 926 1157 desiderabat,
945 1087 1013 1142 iuris
1027 1083 1129 1143 Rmnu'-
1228 1079 1234 1092 ⁸

57 1186 149 1231 amum
164 1166 292 1244 futurum
313 1165 455 1225 Parthiam
477 1168 643 1239 adfirmans,
663 1171 760 1229 metue
780 1186 890 1242 regnum
911 1171 1026 1226 mmrerie
1040 1187 1131 1229 ‚eorum

54 1252 169 1332 feriret)
191 1269 271 1326 meque
287 1249 434 1308 Tiridatem
453 1250 603 1309 dediturum
624 1270 652 1308 re
670 1249 781 1309 Parthia
802 1253 887 1326 dixit,
906 1272 989 1330 meque
1003 1251 1131 1311 oduuino
1186 1319 1188 1323 ,

59 1336 176 1396 Purtler
191 1333 313 1392 Tiridati
328 1336 436 1393 auxilia
449 1336 583 1394 daturum.
605 1333 662 1394 'Ne
676 1342 768 1394 tamen
780 1354 831 1413 per
843 1337 935 1393 omnia
953 1337 1018 1394 nihil
1030 1355 1048 1394 a
1061 1337 1154 1396 Cae-9

59 1440 122 1479 sare
140 1421 281 1478 obtentum
302 1420 455 1494 videretur,
476 1426 506 1479 et
525 1419 655 1477 Phrahati
675 1420 761 1479 filium
785 1421 846 1479 sine
864 1421 956 1498 pretio
976 1421 1080 1480 remisit
1101 1427 1132 1485 et

59 1500 197 1578 Tiridati,
219 1504 312 1579 quoad
331 1522 453 1569 manere,
465 1505 539 1581 apud
558 1503 700 1563 Romanos
718 1503 816 1576 vellet,
832 1504 992 1581 opulentum
1012 1507 1132 1568 sumtum

59 1589 186 1668 praeberi
201 1588 309 1644 iassib
332 1587 400 1645 Post
419 1587 488 1646 haec
507 1588 584 1645 finito
597 1586 778 1666 Hispaniensi
790 1587 882 1660 bello,
903 1602 964 1649 mam
982 1588 1011 1646 iu
1023 1589 1131 1664 Syriam
1141 1595 1174 1646 10
1279 1634 1281 1639 ,

60 1675 98 1732 ad
110 1673 326 1748 componendum
343 1672 580 1731 Orientisstatum
592 1674 728 1746 venisset,
750 1679 853 1730 metum
867 1671 1000 1730 Plrrahati
1011 1672 1132 1746 incussit,
1223 1682 1227 1689 “

61 1776 98 1815 ue
117 1756 215 1815 bellum
240 1755 371 1812 Parthiae
392 1755 474 1814 vellet
498 1757 606 1814 inferre.
647 1756 747 1832 Itaque
766 1762 827 1812 tota
848 1755 960 1814 Parthia
979 1757 1079 1832 captivi
1100 1763 1173 1815 extt

62 1841 210 1900 Crassiana
230 1840 287 1896 sive
303 1839 417 1896 Antonii
436 1841 554 1898 exercitu
570 1839 705 1898 recollecti
725 1841 861 1916 signaque
879 1859 939 1897 carm
954 1840 996 1897 his
1009 1840 1135 1898 militaria

61 1924 190 2001 Augusto
211 1923 333 1983 remissa.
358 1923 416 1981 Sed
430 1930 458 1981 et
472 1923 521 1991 lilii
538 1929 709 2000 nepotesque
721 1923 866 1980 Phrahatis
881 1924 992 1982 obsides
1008 1923 1133 1999 Augusto
1142 1928 1176 1982 12

62 2009 135 2066 dati:
156 2007 275 2085 plusque
289 2007 395 2065 Caesar
408 2007 597 2080 magnitudine
614 2008 732 2068 nominis
745 2008 787 2064 sui
798 2007 863 2065 fecit
876 2025 957 2085 quam
969 2008 1052 2065 armis
1066 2007 1133 2065 alius

61 2093 210 2171 imperator
227 2092 318 2150 facere
330 2092 474 2168 potuisset.

116 2310 150 2408 ’ς
166 2342 191 2396 5.
226 2341 354 2406 marimo]
378 2339 419 2391 lta
435 2336 511 2391 codd.
528 2313 614 2389 omues
631 2334 879 2405 praeterMed.12‚¹
895 2335 993 2406 Magi,
1017 2336 1116 2401 Goth,
1133 2337 1176 2392 ed.

62 2411 152 2474 Rom,
169 2411 229 2479 qui:
248 2411 359 2462 maxime
378 2425 452 2471 cum,
478 2405 614 2474 quodiam
632 2405 709 2473 vulgo
726 2403 836 2472 legitur3
862 2420 887 2455 v.
905 2403 1017 2460 Beneck.
1049 2404 1117 2458 lllud
1133 2422 1177 2458 re-

62 2479 143 2548 liqui,
168 2478 237 2547 quod
256 2478 345 2544 ingens
362 2474 441 2527 fuerit
456 2474 584 2527 exercitus
600 2480 780 2535 uecesseest,
806 2479 836 2524 ut
851 2472 886 2524 ad
902 2473 1016 2526 nuntium
1032 2473 1088 2527 eius
1105 2474 1177 2527 'liri-

63 2547 138 2601 dates
155 2564 231 2611 „cum
244 2562 341 2614 magna
358 2543 495 2597 amicerum
512 2541 717 2607 mauu“.rtatim
731 2539 836 2608 fugiet3
852 2557 935 2610 neque
949 2547 1091 2596 ceterorum
1104 2542 1177 2607 auxi·
1258 2574 1259 2578 =

62 2615 155 2669 lioruro
173 2616 200 2669 in
217 2632 288 2683 seqq.
306 2613 401 2666 mentio
418 2611 457 2663 fit.
660 2650 663 2655 .
890 2642 893 2649 .
977 2631 979 2639 ·

134 2704 150 2766 S
168 2704 193 2756 6.
229 2696 392 2763 tiridatem]
410 2697 495 2768 song}
511 2697 623 2769 ubiquer
643 2698 750 2767 theid„
767 2698 796 2749 ut
813 2698 917 2749 rueme
933 2694 993 2749 edd.
1009 2698 1074 2751 vett.
1107 2695 1179 2750 Gru·

62 2787 138 2825 none
159 2771 309 2831 tiridaten,
333 2775 364 2819 ut
380 2771 396 2833 ς
414 2766 439 2818 7.
456 2769 481 2821 8.
1087 2810 1090 2815 .
1125 2798 1127 2802 1

136 2846 282 2925 currerem]
301 2855 449 2920 Augustum.

133 2941 161 3023 ip
181 2937 354 3008 Hispaniam]
382 2939 398 2991 7
416 2936 500 2989 Gron.
516 2930 655 2988 ablativum
672 2932 784 2997 hebent,
806 2934 905 2988 trustra
922 2930 956 3005 et,⁴
965 2939 1071 3005 praeter
1087 2951 1180 2989 morem

62 3007 192 3160 lustugli.
229 3090 344 3156 Caesus]
364 3088 406 3142 cui
423 3092 527 3141 senatus
546 3088 617 3143 Rom.
634 3084 805 3153 coguitionem
820 3084 997 3141 mandauerat.

135 3181 152 3245 S
169 3179 196 3231 9.
230 3185 255 3229 et
273 3176 422 3242 Phratou]
443 3172 539 3241 Recepi
559 3190 574 3224 e
590 3187 648 3224 ross.
666 3170 765 3236 aliquot
781 3169 880 3236 Bung„
898 3170 957 3224 coll.
974 3171 1005 3222 0.
1024 3170 1099 3234 0.,’9
1111 3171 1181 3222 Gro-

65 3265 142 3309 nov„
167 3246 265 3307 Goth,
301 3243 360 3296 edd.
384 3250 466 3304 velte
499 3241 577 3293 facile
606 3239 793 3292 absorbebatur
828 3237 1001 3306 praecedeuti·
1022 3238 1180 3307 compendio.

63 3315 168 3383 ¹Vulgor
187 3314 262 3376 Plus,
280 3313 375 3391 emissa
393 3311 500 3380 copula,
522 3320 589 3395 quae
603 3309 631 3394 h.
649 3308 667 3359 l.
685 3312 746 3376 apta
762 3313 812 3359 est.

77 3405 106 3429 '⁸
134 3402 211 3466 Sto.
244 3395 444 3476 ⁸·¹⁹⁸·.⁰·'·
559 3402 570 3413 ''
721 3398 724 3403 '
770 3404 774 3413 '

135 3485 211 3548 §12-
240 3484 297 3550 filii
318 3488 474 3549 nepotesque
490 3477 608 3547 Parca]
633 3476 665 3529 V·
682 3476 799 3532 Gronov.
823 3477 942 3546 rauna,
968 3473 1120 3544 praesertim
1141 3472 1182 3527 iu·
1214 3483 1218 3491 '

65 3559 153 3622 terpp.
170 3553 203 3606 ad
221 3551 308 3605 Tacit
325 3554 390 3604 Ana.
407 3548 449 3613 ll,
468 3552 492 3604 1.
584 3550 599 3601 .’
630 3606 632 3611 ,
1141 3548 1146 3557 “

652 3732 809 3825 4,an
