2624 4606
322 229 516 291 HISTOR.
542 230 630 293 LlB.
652 232 702 293 lx,
729 233 828 293 CAP.
851 234 880 299 4.
899 235 927 301 5-
951 240 978 301 6.
1159 240 1223 307 lot

89 387 148 447 dit:
162 384 240 465 apud
252 402 323 461 quos
337 402 399 444 cum
410 385 596 463 potentissimi
609 387 712 464 quique
726 388 768 447 rei
779 388 837 449 eius
846 389 931 467 ipsius
946 389 1067 459 criminis
1080 394 1203 471 postu-9

88 471 329 551 lanatum-quod
343 489 395 550 per
413 470 598 549 iniuriamne,
611 472 640 545 in
655 471 781 553 exsilium
794 473 933 550 egissent,
955 474 1034 533 huius
1048 482 1180 535 constan·

87 558 149 617 tiae
163 558 346 633 sumnntqgut
366 574 462 635 omnes
483 573 510 612 re
529 559 835 635 commutatoreutur,
857 559 1001 638 meliusque
1020 579 1079 621 cum
1098 579 1178 638 repu-

89 642 164 715 blica
180 645 290 721 natam,
312 660 370 721 carn
384 639 507 719 lanima·
524 647 627 719 mariq
647 661 730 720 quan
742 660 801 701 cum
812 647 947 718 restituti,
968 647 1177 707 contenderent.

88 727 165 787 Mira
186 744 304 805 prorsus
324 725 455 785 andacia:
485 725 522 785 de
537 726 672 787 iudicibus
693 729 768 803 vitae
785 730 916 807 necisque
935 749 1003 801 suae
1009 774 1020 803 ,
1040 732 1178 807 quemad-
1186 739 1221 791 10

89 813 364 890 modumppsquut,
391 811 559 889 sententiam
574 813 685 884 seruut3
705 818 938 893 contemnuntque
965 814 1178 890 absolutionem,

85 916 176 977 qnam
200 896 274 971 dape
289 895 392 973 inimici
414 904 551 975 possuut3
578 903 626 971 et,
639 899 779 975 ,quoniam
799 898 890 969 rebus
911 905 1058 978 nequeunt·
1074 900 1177 973 adcisci,

88 982 333 1060 qerbiemsurpant
346 980 509 1061 libertatem.
536 1028 541 1035 .
627 1024 632 1031 .
751 1028 755 1035 .
978 1034 983 1047 ,
1045 1032 1050 1037 .
1076 1026 1081 1035 ,

132 1100 150 1129 -.
176 1064 213 1127 V..
235 1065 407 1145 Compositis
426 1067 455 1135 io
476 1067 597 1147 Graecia
611 1068 696 1129 rebus
718 1068 862 1149 Philippus
883 1072 1007 1145 omniqua
1024 1071 1201 1131 civitatiomt

89 1155 201 1231 legatos
211 1150 250 1211 a'd
262 1151 438 1211 formandum
450 1171 542 1219 rerum
557 1156 743 1232 praesentium
760 1161 865 1215 statum
885 1156 994 1215 evocari
1011 1156 1177 1217 Corinthum

89 1240 177 1305 iubet
219 1237 266 1297 lbi
282 1237 358 1315 pacis
375 1234 467 1315 legem
491 1239 637 1297 universae
655 1238 789 1301 Graeciae
810 1259 862 1318 pro
881 1243 988 1301 meritis
1000 1242 1199 1320 singunrams

90 1321 377 1401 civitatiumstatuim
396 1320 594 1400 conciliumque
612 1325 749 1397 omnium,
770 1324 854 1397 veluti
876 1346 961 1391 unum
973 1333 1123 1399 senatum,
1142 1346 1177 1387 ex

91 1406 221 1479 omnibus
233 1406 330 1491 legit,
352 1406 411 1463 Soti
429 1405 644 1468 Lacedaemonii
663 1415 692 1467 et
711 1429 806 1485 regem
827 1417 856 1471 et
869 1410 948 1489 leges
961 1417 1201 1485 contemserunt-⁹»

92 1493 271 1565 servitutem,
291 1510 349 1549 non
367 1510 464 1569 pacem
486 1494 554 1566 rati,
575 1513 647 1570 quae
666 1513 722 1551 non
745 1496 812 1572 ipsis
832 1497 1173 1571 civitatibus-conveniret,

93 1580 145 1639 sed
158 1597 176 1643 a
188 1578 291 1637 uictore
303 1578 427 1639 serretur.
470 1575 578 1637 Auxilia
596 1579 700 1645 deiude
719 1579 887 1656 singularum
903 1582 1054 1643 civitatium
1071 1584 1202 1653 deseri-t

92 1665 212 1733 bantana:
233 1661 481 1737 siueadiuvendus
501 1682 536 1723 ea
554 1683 638 1722 manu
653 1684 701 1724 rex
722 1672 904 1742 oppugnante
925 1666 1017 1745 aliquo
1037 1670 1110 1737 foret
1126 1687 1177 1729 seu

93 1749 165 1813 duee
183 1745 231 1805 illo
252 1746 356 1807 bellum
375 1746 563 1821 inserendum
583 1749 704 1826 'Neque
728 1750 801 1809 enim
819 1751 933 1823 dubium
952 1758 1013 1811 erat
1033 1753 1202 1832 imperium5

92 1832 242 1893 Persarum
261 1832 304 1891 his
327 1834 506 1910 apparatibus
526 1836 593 1913 peti.
623 1835 756 1893 *Summa
775 1835 935 1897 aurilianum
953 1838 1074 1899 ducenta
1092 1838 1201 1899 millae

93 1919 221 1997 peditum
233 1918 312 1977 tuere
331 1924 360 1977 et
371 1919 496 1995 equitum
510 1920 668 1997 quindecim
680 1919 772 1979 millia.
813 1919 902 1979 Extra
914 1922 987 1981 hanc
1000 1942 1134 1983 sumrmm
1148 1928 1200 1983 et?

92 2002 279 2071 Macedoniae
294 2003 428 2063 exercitus
446 2009 507 2063 erat
520 2011 550 2063 et
562 2005 678 2063 confinis
697 2004 862 2079 domitamm
880 2008 1003 2082 gentirsm
1024 2008 1174 2069 barbaries.
1278 2064 1282 2073 ,

93 2088 178 2147 Initio
199 2089 273 2153 veris
283 2093 342 2149 tres
359 2088 444 2147 duces
469 2090 497 2145 in
511 2088 609 2157 ,Asiam
624 2088 768 2148 Persarum
787 2090 853 2147 iuris
872 2093 1039 2167 praemittit,
1061 2091 1199 2153 Parme-8

93 2175 230 2247 uionem‚.
244 2172 392 2253 Amyntam
406 2178 436 2231 et
453 2171 593 2246 Attalum,
613 2174 689 2243 cuius
712 2192 834 2235 sororem
855 2194 945 2252 nuper
963 2177 1077 2252 expulsa
1092 2176 1200 2236 Alex⁴9

92 2260 174 2319 andri
194 2265 282 2319 matre
296 2257 463 2336 Olympiade
477 2264 593 2337 propter
614 2259 701 2336 stupri
721 2259 906 2335 suspicionem
924 2260 951 2317 in
970 2262 1175 2319 matrimonium

91 2364 107 2407 r
177 2350 247 2407 erat
350 2386 353 2393 -
410 2390 414 2399 .
865 2382 868 2387 -
973 2370 978 2377 ·
1109 2364 1113 2369 ’

107 2364 230 2495 ece{le
250 2428 386 2505 Interea,
399 2429 465 2488 dum
478 2427 577 2487 auxilia
590 2447 609 2487 a
622 2429 740 2487 Graecia
751 2430 867 2502 sciunt,
880 2429 992 2506 nuptias
1007 2429 1199 2508 Cleopatrael

93 2514 168 2575 filiae
183 2520 213 2573 et
227 2513 394 2589 Alexandri,
417 2535 499 2591 quem
514 2533 610 2590 regem
628 2513 707 2592 Epiri
721 2514 837 2588 iecerat,
854 2513 984 2585 cdebrat.
1025 2514 1094 2574 Dies
1114 2520 1200 2597 eretz

93 2620 147 2677 pto
160 2599 355 2676 magnitudine
367 2601 483 2676 duonum
497 2619 614 2677 regum,
635 2606 663 2659 et
676 2598 835 2659 collocantis
851 2599 935 2657 tiliam
949 2606 980 2658 et
997 2619 1109 2659 uxorem
1124 2602 1176 2661 du·
1201 2640 1208 2653 κ

95 2686 200 2756 centis,
220 2685 399 2763 apparatibus
418 2686 543 2762 insignis.
586 2686 645 2759 Sed
665 2705 717 2745 nec
734 2684 863 2743 ludorum
881 2685 1088 2760 magnificentia
1109 2686 1201 2747 dee-3
1226 2688 1229 2695 '

165 2873 183 2936 S
200 2871 226 2924 9.
260 2868 334 2937 apud
351 2868 429 2936 quoe]
446 2868 554 2932 Plures,
570 2869 597 2921 ni
613 2868 705 2930 fallor,
722 2866 816 2935 Bong.‚
834 2868 925 2932 Goth„
944 2868 1037 2922 Gran:
1055 2877 1087 2922 et
1104 2871 1176 2938 apud
1193 2888 1218 2938 q.
1291 2876 1298 2887 ‘

93 2940 198 2993 Deinde
215 2939 314 2991 Geta:
331 2938 470 3006 meliusque
485 2939 642 3006 reipublicae
660 2943 755 2989 eduen

166 3012 183 3074 5
201 3012 244 3064 10.
279 3006 415 3076 quonium
434 3006 504 3060 vett.
518 3005 592 3059 edd:
610 3023 703 3074 qinom
720 3003 759 3055 sic
776 3004 872 3068 Gom,
890 3024 905 3057 e
922 3007 1073 3076 compendio
1089 3014 1185 3062 uatum.

167 3077 196 3131 C.
214 3077 248 3129 V.
272 3077 333 3142 5-2.
367 3075 453 3145 legit]
472 3076 519 3127 Sic
537 3075 598 3129 Mes.
617 3076 699 3141 Bong.
716 3072 846 3139 etmulti,
870 3080 900 3125 ut
916 3075 1033 3139 videtur,
1059 3084 1218 3139 ceterorum

97 3147 143 3199 sed
160 3147 244 3215 Bong.
263 3162 319 3198 cum
338 3148 401 3196 vett.
420 3144 497 3196 edd:
516 3146 554 3196 ele
579 3144 614 3205 ἰς
632 3143 668 3194 sic
686 3140 767 3193 Goth.

155 3220 183 3282 ·§
200 3218 224 3271 3.
260 3223 287 3268 et
303 3231 394 3283 regern
410 3221 437 3266 el
453 3214 535 3282 leges]
566 3212 599 3264 'io
616 3213 699 3278 Bong.
718 3229 733 3261 e
750 3209 815 3263 suis.
836 3213 851 3264 8
870 3213 1004 3275 Gronau,
1023 3213 1114 3275 Goth„
1131 3213 1219 3274 Creo,

97 3284 148 3338 nisi
186 3285 237 3336 uod
255 3283 306 3335 deo
324 3285 416 3351 legem.
452 3282 535 3349 Vulgo
554 3299 568 3332 e
588 3280 669 3332 Medii
685 3277 769 3330 libris:
795 3288 820 3331 et
838 3282 922 3350 legem
940 3289 966 3333 et
983 3299 1087 3350 regem,
1112 3279 1220 3350 puerili-

98 3363 149 3407 ter.
208 3352 317 3406 ereci.
333 3351 443 3404 Wessel.
462 3351 495 3403 ad
511 3348 589 3403 Diod.
607 3348 699 3411 xvii,
716 3348 743 3401 8.
762 3363 786 3396 n.
804 3349 846 3405 91.
1026 3396 1028 3403 ,

169 3425 185 3489 §
203 3425 220 3478 6
237 3440 275 3491 sq,
311 3418 445 3479 immanem
464 3438 519 3473 esse
543 3410 609 3471 lianc
630 3433 749 3471 summam
771 3424 843 3469 recte
866 3415 1103 3479 animadverterunt
1121 3418 1220 3471 nnm-

99 3492 164 3555 dem,
181 3491 242 3556 alii3
275 3489 321 3542 sed
337 3490 403 3542 fides
421 3506 498 3558 penes
523 3490 590 3542 hune
606 3494 697 3541 testem
721 3484 887 3554 relinquenda
906 3496 960 3551 est3
985 3486 1131 3541 Alexander
1147 3495 1220 3542 certe

99 3562 145 3613 vix
161 3567 233 3613 serta
251 3561 341 3613 harum
359 3557 491 3628 copiarum
509 3556 586 3626 parte
602 3555 688 3609 Asiam
704 3553 814 3617 invasite
832 3572 859 3606 v.
876 3554 914 3607 Xl
927 3595 935 3619 ‚
948 3559 985 3620 ⁴6,
1003 3560 1020 3622 §
1037 3558 1063 3610 2·

169 3632 229 3695 §8-
266 3628 476 3695 Parmenionem]
501 3628 617 3695 (ironou.
641 3645 656 3678 e
681 3625 794 3687 duobus,
824 3623 870 3692 qui
894 3625 1107 3683 Parmenionem,
1137 3624 1220 3679 edidit

102 3698 282 3753 Parmeniona.
314 3726 342 3734 ’--
369 3700 510 3766 Amyntam
533 3694 615 3759 ceteri
631 3695 769 3761 nesciunt}
789 3692 834 3747 sed
852 3693 888 3745 cf.
906 3695 939 3749 ad
956 3694 1024 3758 ΧΗ,
1042 3698 1106 3759 6‚§
1125 3695 1167 3750 14.

169 3768 230 3832 59.
266 3768 337 3821 ouius
360 3764 490 3832 sororem]
520 3767 555 3818 Ac
579 3764 719 3835 Cleopatra
740 3762 823 3815 Attali
845 3752 980 3830 ἆδελφιὸἥ
1005 3771 1063 3819 erat
1086 3762 1219 3831 (Pansam

100 3834 196 3888 arcad.
213 3855 236 3889 c.
254 3837 285 3904 7)
309 3834 365 3887 sive
381 3833 486 3903 Attalus
501 3833 555 3887 eius
573 3827 757 3901 ἀδελφιδοῦς,
782 3848 857 3914 „ppo
882 3849 932 3900 quo
956 3833 1026 3900 torte
1047 3832 1158 3886 Iustinus
1175 3841 1222 3886 aut

100 3907 208 3974 Trogus
224 3906 296 3975 apud
313 3905 443 3957 Graecum
461 3906 592 3956 auctorem
609 3905 633 3957 le
652 3910 710 3956 erat
727 3895 881 3966 oldsiqov.“
898 3950 901 3957 ,
916 3900 962 3954 Sic
979 3902 1115 3971 Bongars„
1134 3918 1220 3956 assem

100 3974 183 4027 tiente
200 3973 353 4042 wesseling.
372 3972 405 4026 ad
423 3970 500 4026 Diod.
517 3970 596 4037 xyl,
613 3924 651 4033 93
666 3980 693 4025 et
713 3969 854 4032 va1‚a,
873 3969 919 4022 uhi
935 3970 1026 4027 vide...
1060 3966 1065 3975 ’

167 4044 319 4114 receperat]
339 4042 435 4096 (iotha
454 4049 585 4110 wcperm.
619 4088 622 4093 .
