2624 4606
312 281 508 343 ntsron.
536 238 626 342 uin.
648 283 712 344 xu.
744 282 842 345 car.
866 290 893 352 a.
915 276 954 354 o.
1130 291 1195 356 lar

66 459 119 498 uma
133 437 281 509 militibus,
303 436 346 493 uel
358 439 414 513 epse
431 437 484 495 sibi
501 443 617 513 pacat,
639 457 671 496 ue
685 438 827 515 fortunam
840 458 917 498 suam
931 445 1010 500 nimir
1020 442 1151 503 eumundo

62 525 181 603 fatiget.
223 521 318 579 Motus
332 522 375 579 his
388 529 445 579 tam
463 524 542 580 iustis
553 521 691 599 precibus,
715 523 832 582 velutin
847 527 930 584 finem
949 528 1089 601 victoriae,
1104 535 1192 589 ca·-16

67 616 128 667 stra
141 607 223 666 solito
234 607 545 681 magnificentiora'lieri
565 607 660 680 iussit,
682 627 798 682 quorum
811 609 997 668 molitionibus
1019 620 1047 671 et
1062 606 1162 677 bostis
1179 656 1184 668 .

66 699 220 754 terreretur
233 699 262 750 et
277 693 395 768 posteris
412 691 561 763 admiratio
576 692 621 749 sui
639 692 844 768 relinqueretur.
887 695 1000 754 Nullum
1013 699 1148 774 optumi·
1158 702 1192 755 17

66 779 130 838 lites
142 777 238 836 laetius
251 777 351 835 iecere.
384 777 484 853 Itaque
496 776 583 834 caesia
595 775 720 834 hostibus
737 797 799 836 cum
812 779 997 854 gratulatione
1010 781 1039 840 in
1052 784 1150 841 eadem

65 866 248 923 reverterunt.
732 895 736 898 ·
1087 885 1090 893 ⁴
1110 900 1112 905 .

152 947 202 1005 lx.
222 945 292 1005 lude
310 944 469 1005 Alexander
483 945 521 1003 ad
535 963 644 1004 amnem
664 947 810 1006 Acesiuem
829 949 936 1025 pergit:
958 968 1009 1026 per
1028 950 1100 1009 bunc
1114 952 1172 1010 'inl

66 1034 211 1094 Oceanum
228 1031 379 1089 devehitur.
422 1031 464 1089 lbi
485 1030 613 1087 Acesinus
626 1029 756 1108 Sibosque
766 1033 790 1103 *‚
812 1051 882 1107 quoa
899 1034 1034 1098 Herculea
1050 1036 1174 1093 condi-2

25 1138 30 1146 ⁴
66 1120 126 1193 dit,
147 1119 177 1174 in
188 1117 360 1175 deditionem
374 1116 490 1193 accepit
518 1116 593 1183 Hinc
607 1116 638 1173 ia
651 1114 792 1175 Malloset
809 1118 1007 1196 Oxydates*
1020 1121 1174 1197 navigat:3

131 1237 147 1270 *
170 1233 359 1294 Hiucensauas
372 1233 508 1312 Sileosque
593 1233 625 1268 *¹*
645 1233 754 1293 Arrrbros
770 1241 795 1294 et
810 1235 971 1296 Sucombros

67 1473 172 1525 Sallust.
196 1471 340 1540 rag.100,
365 1467 429 1535 §42
454 1470 563 1540 vigilias
585 1471 641 1538 ipse
658 1471 811 1534 circumire,
834 1490 899 1526 uon
922 1472 1074 1542 diffidentia
1091 1476 1190 1541 pistari,
1212 1504 1217 1517 ·

67 1560 134 1612 quoe
149 1542 344 1610 imperavisset,
372 1557 469 1608 quam
492 1542 533 1594 uti
555 1542 679 1594 militibus
700 1550 857 1610 exaequatus
873 1560 936 1596 eum.
946 1546 1103 1612 imperatore
1119 1547 1192 1599 iubos

66 1620 141 1665 esset.
176 1661 178 1665 .
643 1620 648 1638 '
1183 1664 1186 1671 ,

136 1681 212 1745 517.
248 1680 329 1732 caesis
352 1677 483 1744 hostibus]
509 1677 668 1748 Quamquam
694 1679 776 1732 nullus
799 1677 952 1749 scriptorum
971 1679 1003 1749 de
1020 1680 1120 1750 proelio
1137 1686 1191 1735 taur
1251 1742 1253 1749 ¹

65 1749 121 1802 illic
138 1752 209 1802 facto
227 1755 331 1814 narrat,
350 1747 480 1816 tangenda
498 1751 582 1800 tamen
601 1752 664 1800 baec
681 1766 731 1801 non
748 1756 823 1812 sunt,
841 1755 869 1801 ut
886 1757 958 1805 recte
976 1750 1087 1803 ostendit
1104 1750 1191 1804 Grte·

65 1820 132 1871 vius.
168 1817 247 1871 Multi
264 1817 406 1886 probarunt
423 1815 564 1882 speciosam
582 1817 676 1868 Sebisii
695 1817 881 1871 coniecturamr
901 1819 982 1870 cuens
999 1819 1098 1878 bestiis,
1115 1835 1191 1887 quarn

66 1889 123 2009 qod.
141 1887 216 1940 Bodl.
234 1887 349 1940 exbibet.
366 1885 508 1939 Duodecin
526 1903 584 1939 uras
600 1887 630 1938 in
645 1888 695 1939 hoc
712 1887 820 1940 termino
841 1887 1031 1956 expeditionum
1046 1893 1191 1942 exstructus

82 1957 177 2010 ustinus
195 1956 300 2009 omittit.
636 1973 638 1977 ’

136 2025 263 2091 c.1x.§
282 2027 306 2079 1.
342 2024 493 2092 Acesinum]
512 2023 589 2078 Multi
608 2023 704 2079 vetusti
722 2025 861 2095 Agesiuesn
878 2025 920 2079 vel
937 2025 1081 2096 Agisiuom.
1120 2015 1190 2079 Gro-
1281 2064 1289 2077 .

70 2110 144 2148 nom:
163 2097 294 2147 Acesinen.

138 2164 286 2230 devehitur]
311 2161 330 2214 i.
349 2180 373 2215 e.
392 2161 568 2215 devectionem
586 2161 688 2230 incipit.

135 2235 192 2296 §t
228 2235 408 2285 Hieceusnnas
425 2233 571 2300 Silcosque]
595 2232 686 2284 Lectio
712 2230 827 2287 codicum
852 2249 868 2284 a
892 2230 1033 2300 Bongarsio
1060 2246 1191 2301 expressa.
1221 2226 1224 2231 ’
1283 2254 1285 2259 ·

65 2301 204 2355 Vincent.=
223 2304 343 2354 Biacaas.
378 2302 449 2353 Unus
467 2301 564 2368 Boug.:
585 2302 768 2363 Gncenrauos3
786 2301 820 2355 al.
837 2318 973 2362 amenas,
991 2299 1122 2367 adscripto
1140 2318 1194 2370 ge.

65 2389 160 2432 sonan
184 2371 254 2424 alius
271 2386 350 2422 verer
370 2371 518 2439 Agerinus,
544 2369 612 2421 unde
629 2376 702 2424 recte
718 2368 830 2422 arbitror
849 2368 1015 2437 Bongursium
1033 2368 1188 2423 restituisses

33 2456 41 2467 ⁸
65 2443 91 2493 A
99 2441 236 2492 cesinas
260 2448 315 2503 „ut
330 2439 383 2491 sint
399 2438 474 2490 fluvii
492 2437 607 2497 Acesinis
625 2440 766 2502 accolae;“
810 2456 867 2491 uam
893 2437 1064 2491 coniecturam
1081 2437 1189 2506 egregie

64 2515 130 2579 puto
147 2509 294 2562 confirmari
311 2526 342 2561 ex
361 2508 472 2570 Orosio‚
492 2507 550 2576 qui:
577 2509 613 2560 ibi
632 2510 747 2561 Gesonae
763 2457 808 2560 vei
827 2509 956 2571 Gerousa,
982 2508 1051 2560 unde
1068 2505 1147 2559 litere
1164 2507 1191 2559 A

64 2578 153 2647 periit.
187 2576 259 2631 idem
278 2579 405 2647 praebent
428 2577 488 2630 edd.
506 2585 571 2630 vett.
590 2577 698 2642 lentini,
721 2578 753 2630 ad
774 2576 912 2640 orosium,
936 2581 966 2630 ut
982 2576 1123 2640 ridentur,
1146 2591 1190 2628 re-
1214 2588 1217 2593 ·

65 2647 188 2700 censitae.
224 2647 241 2700 5
259 2647 334 2702 codd.
352 2646 486 2700 Gronov.=
504 2647 651 2716 Agerinus,
677 2652 707 2700 ut
725 2664 789 2699 unus
805 2646 850 2699 ille
875 2647 978 2714 Bona,
1003 2662 1077 2715 quern
1096 2661 1129 2697 ex
1146 2661 1196 2705 rar

65 2715 222 2769 cautioribus
239 2733 294 2768 esse
311 2715 424 2770 ostendit
440 2716 538 2783 Prng„
564 2716 623 2784 qui:
644 2717 779 2786 Agerinus.
813 2715 911 2768 Gom:
929 2710 1098 2770 Aeaeaaoaa'r.
1116 2713 1190 2770 ,Νο-

63 2801 116 2853 qne
141 2785 206 2837 male
228 2783 374 2838 Glareanus
396 2783 508 2837 coniecit
525 2785 672 2855 Agalasseis
695 2802 727 2837 ex
750 2784 858 2838 Diodor.
878 2784 971 2849 XVII,
987 2787 1023 2840 96
1047 2779 1189 2853 (ilyuiue
1282 2812 1287 2816 ·

64 2855 284 2990 “fliisnmffl
307 2921 353 2974 Sic
376 2922 460 2990 Bong.
486 2928 513 2974 et
530 2921 605 2976 Vinc.
640 2923 654 2974 1
673 2922 800 2990 Bougars.
818 2927 847 2975 et
862 2923 879 2978 3
897 2923 1029 2977 Gronov.r
1053 2922 1188 2991 Syrosque.

57 2991 132 3045 Edd.
150 2998 230 3043 vett:
251 2993 402 3060 Aayrosque.
437 2991 586 3060 Legendum
610 2993 857 3060 estSibosque,
883 2992 953 3060 quod
978 2997 1051 3045 recte
1075 2990 1196 3044 restituit·
1259 3027 1276 3040 Α.

64 3060 236 3129 Bougarsius‚
254 3077 280 3128 q.
298 3078 324 3115 v.
342 3068 369 3112 et
386 3061 495 3114 Wessel.
514 3060 590 3112 XVII
596 3097 604 3126 ,
623 3063 665 3115 96.
682 3078 707 3111 n.
725 3064 767 3114 60.
803 3062 845 3112 lta
862 3059 911 3113 iarn
930 3060 1052 3123 Orosius,
1075 3062 1094 3113 3
1112 3053 1190 3113 codd.

64 3131 198 3195 Gronov.,
222 3131 304 3183 Goth.
329 3129 434 3197 (Graes
453 3131 584 3198 Sibeesq.;
605 3129 702 3196 Prag.=
728 3131 857 3197 Siueosq.)
894 3129 1028 3193 Quaedam
1045 3127 1120 3181 eda:
1146 3128 1189 3180 Si-

65 3201 112 3253 tas
146 3217 169 3251 e.

100 3218 258 3325 filiuseius
275 3269 408 3337 omdidit]
433 3268 489 3322 sive
511 3265 597 3337 potius
615 3266 746 3321 exercitus
764 3265 832 3332 eius,
858 3283 966 3337 quocum
984 3266 1087 3319 Aornon
1107 3278 1189 3335 oppa·

63 3343 207 3406 graveret,
225 3335 359 3404 reliquiae.
948 3354 952 3361 ·
1060 3376 1064 3382 .

134 3407 194 3470 §a
229 3407 257 3457 in
275 3407 396 3474 Ambrae]
429 3407 523 3474 Pragn
554 3407 582 3458 in
601 3406 710 3460 Andros.
748 3404 881 3472 iBong.‚
906 3402 963 3456 cod.
982 3403 1077 3465 Oros,
1103 3401 1189 3466 Bodl..

61 3473 137 3528 Leid.
155 3477 186 3528 2:
206 3476 342 3528 Mandros.
377 3477 476 3539 Goth..
495 3473 568 3527 Leid.
586 3477 618 3530 5:
641 3476 670 3526 in
687 3475 823 3526 Mandros.
860 3472 998 3543 Freculpb.
1015 3481 1044 3525 et
1064 3474 1078 3526 1
1096 3473 1188 3525 Orosi

62 3544 134 3596 Hine
152 3545 277 3606 Ambros3
293 3545 340 3597 sed
357 3545 401 3597 Fr.
420 3544 554 3598 Fabricius
573 3543 670 3597 ediditr
688 3545 758 3596 Hinc
774 3543 811 3596 ad
828 3543 939 3605 Multos,
965 3558 1022 3594 cum
1040 3541 1090 3593 bac
1108 3547 1188 3593 notar

33 3656 38 3667 .
63 3613 132 3676 „lta
149 3613 340 3666 emendavimus
362 3612 444 3666 secuti
464 3612 575 3680 vestigia
591 3613 758 3680 ‘depravatae
781 3610 898 3664 lectionis
917 3609 1039 3678 autiquae
1054 3609 1083 3662 in
1100 3607 1190 3662 Orosii
1242 3647 1249 3655 .

62 3690 93 3732 et
108 3679 198 3734 Iustini
215 3682 287 3735 libris
296 3687 324 3745 ;“
352 3683 397 3734 sed
414 3682 538 3735 lectiones
561 3699 612 3735 non
634 3681 747 3745 indicat,
774 3697 859 3748 neque
874 3679 1078 3748 Haverkampus.
1112 3677 1189 3731 Scri·

61 3749 172 3802 bendum
190 3768 245 3804 esse
263 3753 296 3803 in
314 3753 347 3802 M
352 3754 444 3804 ellos
461 3749 568 3803 historia
585 3749 699 3812 evincit3
722 3766 748 3801 v.
766 3749 889 3801 Barneca.
924 3747 1067 3801 infeliciter
1083 3746 1189 3801 Vossius

61 3820 197 3872 Ambritas
214 3820 270 3872 sive
288 3820 373 3888 potius
392 3820 497 3872 Arbiter
514 3819 594 3873 iniert
611 3837 643 3872 ex
661 3819 740 3870 Diod.
757 3817 847 3879 XVII,
867 3813 927 3872 104.
1098 3834 1100 3838 ·

132 3896 158 3941 et
174 3890 343 3956 Sucambros]
371 3888 447 3940 Vino.
465 3887 580 3956 Bellon,
600 3891 696 3956 Prsg.=
720 3887 874 3941 Sicambros.
909 3884 1004 3939 Graes
1019 3885 1189 3955 Sugambros.

61 3954 134 4009 Edu.
154 3964 234 4011 vett:
253 3961 392 4012 Sabaeas.
426 3955 564 4025 Frcculpb.
582 3965 612 4011 at
635 3959 710 4009 Oros
735 3972 779 4011 ms.
795 3954 864 4022 apud
882 3954 964 4023 Boag.
987 3961 1015 4007 et
1031 3954 1101 4008 Flor.
1117 3970 1134 4007 a
1152 3950 1190 4007 ud

62 4027 162 4080 Gran:
187 4029 333 4098 Subagrae.
378 4025 513 4078 Fabricius
536 4044 566 4078 sa
589 4045 605 4078 e
625 4024 740 4092 vestigiis
763 4023 840 4076 codd.
857 4025 1018 4092 oxydracas
1044 4023 1137 4077 restitu

61 4100 172 4161 nemis
197 4112 287 4166 neque
305 4095 410 4149 dubiam
425 4100 465 4147 est
482 4093 592 4163 intelligi
611 4096 823 4161 aspirasse,
859 4094 954 4147 'nomm
971 4109 1067 4146 nomeu
1088 4091 1116 4144 iu
1132 4091 1190 4144 Ro-

61 4163 142 4219 manis
158 4164 326 4236 scriptoribus
343 4166 439 4236 ubique
456 4163 512 4218 fere
529 4163 698 4235 depravatam
721 4168 780 4229 ests
807 4162 809 4169 ’
864 4160 1098 4296 dPliJiaiiom
1121 4162 1198 4215 teste.
