2624 4606
308 257 501 319 HISTOR.
535 258 621 333 LIB.
643 259 760 319 XXXll.
792 259 992 327 CAP.1.2·
1127 264 1218 325 ‘809

94 418 156 476 cusi
176 432 235 473 non
255 415 375 473 suerum.
417 413 516 489 ltaque
535 411 657 473 velutin
686 411 732 470 illo
759 431 841 473 omne
862 414 963 473 bellum
984 415 1200 489 confecissentt
1284 474 1287 486 ,

94 501 233 579 captivum
248 517 300 576 per
311 500 467 556 universam
481 499 617 556 civitatem
628 498 658 556 in
672 498 784 556 modum
797 499 925 575 triumphi
939 501 1175 558 circumduxerunt

94 585 185 644 effuso
204 583 313 641 obviam
329 583 450 660 populo,
471 601 503 639 ac
523 583 547 639 si
570 601 652 655 snus,
672 601 730 639 non
746 581 866 641 hostium
880 585 1030 661 imperator
1043 584 1176 642 adventa·

93 676 158 738 ret,
180 668 232 728 nec
250 668 381 726 victorem
397 665 500 725 Achaei
521 667 626 724 avidius
642 667 791 740 vidissent,
812 686 894 743 quam
907 669 1005 726 victum
1026 668 1120 727 hostes
1134 669 1200 727 iri-8

93 744 205 814 derant.
248 752 336 829 Igitur
349 753 477 810 eumdem
495 752 523 808 in
544 751 682 810 theatmm
695 751 757 808 duci
775 753 927 825 iusserunt,
950 758 981 811 nt
998 770 1094 811 omnes
1108 772 1175 810 con·
1267 784 1272 808 l

48 838 56 851 ⁵
91 846 256 911 tuerentur,
276 855 360 913 quem
379 837 503 912 potuisse
519 837 582 914 capi
604 835 763 894 incredibile
780 836 893 912 singulis
912 838 1064 895 videbatur.
1106 837 1200 897 Inde9

93 924 123 982 in
137 941 274 982 carcerem
287 923 370 980 ducto
386 921 551 980 verecundia
570 921 767 996 magnitudinis
789 921 849 980 eins
866 940 1002 981 venenum
1023 922 1175 992 dederunt3

93 1008 171 1085 quod
186 1006 232 1066 ille
244 1006 351 1079 laetus,
370 1024 403 1063 ac
417 1005 440 1062 si
453 1003 578 1076 vicisset,
598 1005 704 1082 accepit
718 1006 845 1080 quaesito
865 1007 957 1083 prius:
980 1025 1016 1063 un
1033 1004 1175 1085 Lycortas,

92 1093 250 1170 praefectus
270 1090 458 1162 Achaeorum,
481 1108 562 1164 quern
581 1089 768 1149 secunduma
791 1108 822 1148 se
846 1109 908 1148 esse
927 1091 1044 1149 scientia
1066 1091 1176 1150 militari

94 1176 214 1248 sciebat,
235 1174 375 1234 incolumis
388 1173 551 1249 effugisset?
571 1174 662 1241 Quem
675 1180 706 1230 ut
716 1175 823 1250 accepit
837 1175 973 1248 evasisse,
986 1195 1037 1233 non
1048 1178 1077 1233 in
1090 1181 1175 1233 totum

79 1254 189 1325 'iliceos
205 1260 352 1319 cmsultum
365 1259 434 1317 mole
447 1258 562 1316 Achaeoi
576 1258 733 1334 exspiravit.
775 1257 837 1316 Nec
854 1258 939 1317 multo
960 1267 1025 1337 post
1037 1267 1175 1337 ‘reparato

93 1344 167 1405 bello
182 1343 314 1404 Messenii
325 1345 486 1414 vincuntur,
505 1361 665 1420 poenasque
679 1343 818 1401 interfecti
831 1342 1054 1423 Philopoemenis
1069 1364 1175 1423 pepen-

93 1430 202 1489 derunt.
460 1475 465 1485 .
662 1468 665 1475 ,
812 1440 815 1445 ·
1164 1472 1169 1480 .

156 1513 191 1572 ll.
204 1513 313 1572 Interea
322 1513 351 1570 iu
357 1513 441 1588 Syria
450 1531 499 1572 rex
505 1509 668 1582 Antiochus,
679 1530 740 1569 eum
754 1514 832 1588 gravi
845 1513 1199 1591 tributopacisaRoma-1
1305 1502 1309 1511 ⁴

48 1671 51 1675 Δ
87 1598 136 1667 ‚nis
147 1599 235 1657 sichus
243 1604 373 1659 oneratus
380 1602 465 1670 esset,
472 1617 522 1657 seu
533 1596 766 1675 inopiaperuniae
773 1596 931 1674 compulsus
939 1617 988 1656 seu
995 1600 1111 1658 ovantia
1121 1599 1175 1657 sol·
1207 1603 1211 1616 ’

91 1681 222 1754 licitatus,
235 1683 302 1759 quia
315 1683 446 1759 sperabat
456 1701 487 1741 se
501 1683 552 1740 suh
561 1683 653 1759 specie
667 1681 833 1739 tributariae
838 1682 1011 1740 necessitatis
1021 1685 1175 1743 excusatius

93 1767 237 1842 sacrilegia
255 1768 479 1840 commissurum,
508 1767 633 1826 adhibito
647 1765 768 1826 exercitu
782 1771 864 1826 nocte
878 1766 1012 1846 templum
1026 1767 1174 1847 Elymaei*

157 1894 171 1924 ⁸
192 1888 407 1971 Didymaci'seu
427 1889 566 1952 Dodonaei

95 2028 300 2039 -——-—.—-

160 2093 222 2157 57.
255 2091 420 2156 saronae,
445 2091 544 2154 Goth„
563 2091 655 2155 crac,
674 2091 732 2147 edd.
753 2100 832 2148 setta
850 2096 943 2165 Itaque
960 2097 1051 2151 lacti
1066 2098 1137 2150 velut
1155 2103 1216 2150 cett.
1280 2132 1283 2138 -

58 2196 61 2201 .
92 2158 176 2215 Goth.
193 2159 283 2212 etiarn:
302 2168 328 2214 ct
345 2161 437 2228 effuso.
454 2190 489 2200 -
506 2158 569 2213 Mss.
588 2161 686 2229 Bong.=
703 2179 770 2213 suos.

163 2229 222 2294 §9-
259 2229 403 2297 Ιιῃοσηαι]
430 2226 522 2292 „lllss
542 2229 686 2299 trygodes,
710 2229 781 2281 sacili
802 2228 876 2297 lapsu
894 2232 905 2283 i
922 2246 968 2300 pro
986 2238 1008 2285 t.
1043 2230 1141 2284 Graeci
1161 2236 1216 2283 Ao-

92 2292 225 2363 stacam
251 2297 399 2367 Burgum,
423 2297 468 2366 qui
492 2297 519 2350 in
544 2297 641 2349 ΗΜ
670 2297 777 2362 „Most
802 2300 947 2368 nagnam
978 2300 1013 2352 nl.
1032 2301 1158 2368 Lycorias
1176 2300 1217 2366 [ur

92 2367 192 2432 Goth,
207 2365 333 2433 Prag.];“
350 2365 376 2417 in
395 2373 481 2418 textui
501 2367 637 2435 Ligortur'.
672 2366 743 2419 eorl..
758 2365 788 2418 O.
807 2366 854 2418 (ir
874 2369 1008 2436 lipposos.
1293 2422 1296 2429 ,

159 2435 270 2488 scientio
287 2435 400 2487 militari
406 2434 416 2502 ]
442 2434 487 2487 Sic
505 2440 538 2489 10
555 2435 689 2498 Gronov.,
713 2435 812 2502 Prag.,
830 2434 923 2501 Crac,
942 2436 1042 2507 (socha
1065 2436 1172 2504 insuper
1188 2437 1216 2490 in

92 2502 261 2565 2Gronov.,
280 2501 329 2571 qui
346 2502 485 2568 militaris,
509 2502 584 2556 deest
599 2504 646 2555 rei.
681 2503 817 2557 Vincunt:
840 2504 952 2558 militari
968 2505 1086 2560 scientia.
1121 2505 1216 2575 Vulgo,

92 2571 232 2694 etiamiap.
249 2571 347 2708 poppis
365 2573 475 2692 agentia
491 2574 530 2693 piei
546 2573 677 2626 militaris.

180 2657 248 2693 scens
334 2656 356 2692 s.
398 2657 474 2708 ong.=
511 2659 595 2695 nonu.

162 2749 194 2801 C.
211 2749 247 2802 11.
269 2753 287 2815 s
306 2751 329 2803 1.
363 2766 409 2801 rer
427 2752 586 2818 Antiochus]
612 2751 657 2804 Ma
694 2768 735 2804 um
752 2751 867 2805 Iustinus
892 2752 1033 2819 intellexit,
1058 2763 1087 2808 ut
1105 2763 1216 2824 apparet
1296 2800 1299 2804 .

92 2835 125 2871 ex
142 2817 209 2887 prol.
227 2818 271 2869 fin.
291 2817 348 2870 coll.
366 2817 497 2884 XXXIV,
514 2822 548 2883 3,
566 2823 582 2883 §
601 2819 626 2874 5.
674 2827 702 2872 ta
725 2821 802 2874 etiam
827 2821 953 2875 Diodorus
973 2830 1001 2876 et
1024 2825 1136 2888 Strab03
1161 2824 1215 2891 alii,

90 2886 120 2939 iu
137 2885 230 2956 quibus
247 2884 372 2969 Polybius
391 2893 418 2939 et
431 2888 546 2956 scriptor
563 2887 622 2939 libri
640 2887 775 2970 hiarcab„
795 2890 947 2943 Antiochum
965 2892 1133 2974 Epiphanem.
1168 2893 1217 2945 Di·

91 2955 771 3106 :illttuuff‘tlllhdtstiffi
787 2965 945 3096 liii’sql‘.
961 2967 1135 3081 111111·
1154 2963 1180 3014 ¹¹·
1197 2963 1215 3015 ¹·

162 3093 244 3161 gravi
259 3093 358 3145 tributo
372 3094 464 3160 poris]
486 3093 570 3149 12497
587 3092 694 3144 talentis
710 3093 814 3144 Attrcis.

162 3167 284 3214 ornatus
307 3161 391 3231 esset]
415 3163 461 3217 Sic
486 3167 655 3225 correxemnt
677 3160 775 3227 aanor
788 3169 816 3213 et
839 3161 990 3215 Schefferus
1015 3168 1042 3215 et
1067 3162 1164 3230 legitur
1189 3164 1216 3216 in

92 3228 173 3281 Goth.
191 3245 222 3281 ac
239 3230 300 3280 fort.
319 3229 398 3298 Prag.
432 3230 516 3285 codd.
534 3247 619 3299 paene
635 3245 735 3299 omues:
752 3230 836 3287 uirtus
853 3238 1122 3300 onoemuspue'esset,
1146 3232 1216 3302 quod

91 3297 170 3352 facile
186 3297 326 3350 oriebatur.
534 3360 537 3365 ⁴
708 3350 729 3369 ..,
773 3360 776 3364 .

162 3367 224 3435 quio
241 3367 331 3434 oracul
350 3356 396 3418 Sic
413 3365 543 3420 Graevius
560 3365 671 3419 coniecit
687 3372 715 3418 et
732 3365 829 3419 diserta
846 3365 942 3434 legitur
959 3367 985 3419 io
1004 3369 1101 3433 Goth,
1119 3369 1215 3432 Periz,

90 3435 174 3487 Dorr.
192 3435 225 3498 3,
245 3435 363 3503 (Prag.),
387 3437 404 3489 2
423 3435 483 3488 edd.
500 3442 565 3491 vett.
600 3439 634 3490 st
651 3435 750 3502 Bong.,
769 3434 862 3500 Grac,
882 3432 1043 3490 Gronovinni
1061 3446 1166 3507 praeter
1183 3441 1215 3492 2:
1301 3438 1305 3447 “

91 3521 145 3586 quo
161 3519 244 3571 spes,
263 3503 334 3572 qnod
351 3502 456 3557 defendi
475 3510 587 3574 poterat.
622 3505 693 3558 Mor
706 3503 927 3574 aliquot·Bong.,·
940 3505 1020 3558 Dorv.
1040 3509 1073 3570 1,
1091 3506 1165 3561 Leid.
1183 3505 1214 3562 42
1232 3518 1235 3523 ·
1280 3505 1284 3509 ’

91 3589 135 3640 qm
153 3588 324 3708 ⁸ephrrrcsntiur]
341 3639 406 3696 Mss.
423 3640 522 3710 Bong.,
541 3606 813 3722 Prag-aecousutnus,
913 3604 915 3609 Δ
934 3668 939 3681 =

161 3709 297 3777 Elymaei]
323 3711 467 3776 Bargate:
492 3711 650 3778 Didymei,
671 3710 740 3779 quod
759 3710 886 3776 qurd'sit
911 3718 939 3764 st
955 3710 1024 3763 unde
1041 3717 1139 3774 ortum,
1165 3728 1215 3764 non
1248 3720 1256 3727 “

91 3775 210 3839 inveniat
229 3774 287 3828 edd.
306 3784 371 3830 vett.
390 3777 496 3829 multae:
514 3780 679 3847 Dindymoei.
714 3777 756 3830 Ex
773 3778 823 3829 hoc
840 3785 940 3840 auteur,
966 3779 1217 3847 corruptelarum

91 3862 167 3899 error
184 3845 330 3913 scriptoris,
349 3845 469 3915 provenit
480 3847 638 3917 Dodonaei,
650 3847 718 3917 qnod
736 3852 777 3914 est
793 3847 820 3898 io
836 3863 895 3899 mss.
909 3849 1007 3916 aliquot
1021 3850 1113 3916 Bong,
1128 3850 1215 3911 Grac,

90 3914 195 4032 Prap„
213 3914 296 3968 Goth.
314 3921 355 3978 et,
375 3915 402 3965 ni
418 3908 511 3977 fallor,
533 3914 724 3979 Gronovianis,
749 3924 778 3977 et
793 3915 810 3966 2
827 3915 886 3968 add.
903 3925 967 3968 vett.
1003 3919 1122 3986 Elymaei
1138 3935 1215 3985 repo·
1287 3958 1290 3963 .

92 3998 142 4034 nou
160 3998 202 4033 um
220 3999 278 4034 esse
294 3998 326 4034 ex
343 3980 509 4035 historiarum
525 3983 673 4036 auctoribus
692 3984 731 4050 (v.
746 3982 860 4052 interpp.
875 3985 902 4038 h.
915 3985 948 4052 l.)
965 3984 1094 4038 intellexit
1105 3985 1140 4037 Is.
1151 3987 1216 4036 Vos·
1299 4026 1302 4030 .

91 4050 248 4114 sius„anta
266 4051 333 4103 hunc
350 4051 395 4105 ur.
413 4052 560 4114 assianus,
578 4047 624 4120 qui
631 4050 742 4123 Aldinae
758 4051 860 4118 intulit,
904 4053 982 4107 rinus
996 4062 1082 4109 maren
1096 4055 1216 4118 omniurn,
1235 4087 1238 4092 -

92 4119 138 4188 qui
155 4116 301 4173 Mediceun
319 4118 430 4173 alterum
444 4120 589 4184 recensuit,
606 4118 853 4191 isop'srhihentemr
896 4123 975 4195 timei.
1120 4124 1126 4131 '
