2624 4606
115 248 182 313 rru
406 190 887 305 'rusucnr

128 397 287 459 'auriane
325 394 415 457 Natta
426 397 502 476 apud
516 418 583 458 eam
596 399 685 478 torquis
699 399 918 459 ratiovineenrli.
959 398 1084 468 Blandus
1097 396 1247 479 pariteret

153 484 308 544 'insidiosus
323 481 457 559 alloquio:
476 484 526 560 qui
541 484 625 562 plara
644 486 821 562 promitteret
835 490 1100 564 quampraestare13
1119 487 1150 544 in
1172 487 1246 546 seria

134 576 189 630 act
208 569 287 627 iocos
308 569 421 627 artifex.
462 567 603 629 Amicitias
631 569 766 645 utilitate,
795 589 853 628 non
871 571 929 630 tide
954 569 1071 629 colebat.
1116 572 1245 635 Gratiam

153 656 267 730 'fingere
281 654 315 712 in
333 653 416 728 odio,
440 650 481 731 [in
495 656 586 730 gmtia
601 654 738 714 offensam
751 654 880 714 simulare
887 653 908 733 ,]
930 655 1066 714 incinuere
1084 657 1159 715 inter
1177 676 1245 717 oon-

159 740 307 800 cnrrluates
318 739 403 811 odia,
423 740 501 816 apud
517 746 664 816 utrumque
679 741 800 816 gratiam
820 759 954 817 quaerere
973 740 1104 799 solemnis
1119 740 1161 799 illi
1176 762 1244 803 oon·

39 868 41 872 -
118 825 289 884 tosnetudo.
331 823 488 883 luterhaee
501 824 659 902 eloquentia
674 831 705 884 et
722 826 839 902 insignis
855 826 962 898 oratio,
985 826 1117 884 acuminis
1137 832 1168 885 et
1186 828 1244 887 sol-

158 910 256 969 lertiae
273 908 373 988 plena:
403 913 435 967 ut
451 928 507 968 nec
533 910 644 968 ornatui
662 909 801 984 facilitas,
829 929 882 969 nec
900 911 1026 969 facilitati
1051 912 1242 970 inventionum

117 997 272 1056 tldeesset
285 999 407 1052 ornatus.
448 993 524 1052 Huic
534 992 690 1054 Alexander
712 995 785 1055 lilius
804 997 937 1054 successit
952 1002 981 1055 et
1002 996 1102 1054 virtrrte
1122 1003 1153 1055 et
1166 998 1241 1057 vitiis

117 1086 238 1159 ltpatre
251 1081 348 1138 maior.
380 1078 492 1156 ¹ltaque
504 1080 634 1140 vincendi
655 1081 727 1139 ratio
740 1080 851 1158 utrique
863 1081 980 1140 diversa.
1023 1081 1078 1138 Hic
1090 1088 1188 1159 aperta
1203 1085 1240 1157 vi,

156 1166 202 1224 ille
214 1163 321 1222 artibus
333 1160 406 1223 bella
416 1165 561 1225 tractabat.
604 1165 737 1244 Deceptis
757 1165 802 1225 ille
821 1167 947 1241 gaudere
966 1166 1110 1239 hostibus,
1132 1166 1176 1225 hic
1189 1186 1240 1245 pa-

116 1255 149 1309 13
157 1250 211 1308 lam
229 1249 309 1307 lrrsis.
363 1248 531 1309 Pmdeutior
560 1250 607 1310 ille
638 1251 774 1323 consilio,
807 1250 868 1309 lric·
885 1252 977 1309 animo
1010 1251 1238 1327 magnificentior.

12 1386 16 1407 ,
116 1336 228 1394 tllram
242 1339 324 1411 pater
335 1333 524 1410 dissimulare,
545 1336 708 1415 plerumque
722 1336 805 1396 etiam
822 1337 943 1395 vincere:
959 1336 1004 1394 hic
1017 1336 1066 1404 ubi
1080 1337 1238 1412 exarsisset,

115 1425 148 1478 15
155 1438 208 1478 nee
219 1418 317 1476 dilatio
330 1417 443 1479 ultionis
455 1440 508 1480 nec
520 1423 620 1480 niodns
634 1427 702 1481 erat.
744 1421 810 1479 Vini
827 1423 908 1480 nimis
922 1427 1037 1498 uterque
1052 1421 1168 1499 avidum
1186 1423 1238 1481 sed

156 1504 299 1564 ebrietatis
314 1504 428 1565 diversa
446 1507 520 1565 vitia.
563 1507 639 1566 Patri
652 1526 713 1565 mos
726 1512 789 1566 erat
802 1507 883 1566 etiam
899 1507 936 1566 de
948 1507 1071 1564 convivio
1085 1506 1115 1563 in
1127 1506 1236 1573 hostem

155 1608 330 1668 procurrere,
352 1589 474 1672 [manum
489 1590 663 1671 conserere‚]
685 1591 812 1672 periculis
834 1612 866 1652 se
889 1599 996 1651 temere
1017 1591 1132 1650 offerre:
1154 1589 1236 1652 Aler-

114 1732 319 1744 *anfi—au*

180 1825 240 1891 58.
275 1825 395 1879 Dlonrlus
411 1827 484 1893 cent]
508 1799 574 1880 Cod.
592 1804 640 1898 ap,
654 1825 732 1896 Casp.
750 1824 882 1879 Barthium
906 1824 1101 1882 molendinus
1125 1827 1236 1881 blandus

109 1896 241 1964 perirem
258 1901 285 1947 et
302 1895 330 1947 in
347 1896 443 1968 gratia
457 1897 547 1975 insit*
727 1897 730 1901 ’

179 1982 208 2034 in
224 1980 293 2033 seria
310 1979 384 2049 cett]
405 1979 473 2035 Mire
490 1984 626 2053 corruptus
643 1980 720 2034 Vino.
738 1979 846 2034 Bellon·
856 1980 894 2046 V,
909 1979 957 2037 192
984 1982 1146 2036 miseriarum
1162 1981 1233 2035 ioco-

95 2126 98 2131 1
109 2067 215 2121 rumque
231 2050 337 2115 srtii'er.
850 2078 853 2085 ·
1292 2068 1296 2073 ·

178 2140 195 2203 §
212 2137 237 2191 9.
262 2136 301 2204 [in
319 2135 412 2207 gratia
429 2137 555 2205 offensum
570 2134 721 2205 simulacri]
739 2134 842 2189 Desunt
857 2134 923 2190 haec
937 2137 1019 2191 rerba
1035 2137 1063 2190 in
1081 2137 1122 2191 ecl.
1140 2139 1232 2208 Bong,
1278 2192 1281 2198 ,

110 2205 185 2260 coeli.
203 2206 334 2272 omnibus,
363 2205 508 2271 Scrinium,
533 2207 651 2270 Bellon,
677 2206 736 2258 edel.
755 2212 821 2258 vett.
834 2213 895 2260 anto
912 2206 986 2271 tlt,
1011 2224 1119 2276 quarum
1137 2208 1233 2278 aliquot

9 2336 12 2341 ,
110 2278 126 2341 S
144 2279 160 2331 8
178 2284 239 2329 autc
255 2291 311 2328 voc,
330 2275 468 2328 insidiosus
484 2275 644 2346 exprimunt3
660 2274 706 2329 secl
720 2275 863 2329 clociderari
881 2276 1040 2329 nullomodo
1058 2285 1175 2348 possunt.

177 2362 296 2416 solemnis
313 2362 353 2414 illi
370 2364 543 2432 consuetudo]
563 2363 726 2416 Omittuntur
744 2379 785 2432 ap.
803 2362 918 2425 Bellon,
934 2362 952 2416 3
970 2361 1071 2433 (irum,
1098 2365 1232 2434 1Boug3

109 2429 156 2484 red
173 2430 292 2499 agnoscit
310 2431 437 2484 Sarisbar.

179 2519 256 2580 510.
292 2518 439 2584 eloquentis
461 2525 487 2570 et
510 2516 623 2586 insignis
646 2517 725 2584 cett]
759 2516 805 2566 Sic
833 2514 916 2582 Boug.
946 2513 1037 2577 codd„
1063 2518 1093 2566 ut
1115 2515 1229 2584 videtur,

109 2602 209 2647 murres,
227 2585 349 2648 Sarisb.,
362 2586 474 2650 Bellon,
493 2585 552 2639 edd.
572 2593 638 2639 vett.
678 2585 763 2651 Vulgo
781 2591 807 2635 et
824 2583 952 2635 omittunt.

177 2669 368 2735 inventionum]
388 2660 486 2726 Surisb.
505 2671 547 2738 (et
563 2671 581 2727 4
597 2670 671 2725 cond.
689 2668 836 2737 Wopk.i)=
853 2668 1015 2720 inuentionis.
1041 2667 1138 2720 Bellon.
1151 2670 1229 2736 plane

109 2737 211 2792 omittit.
251 2739 380 2791 Graevius
406 2757 422 2791 e
447 2739 503 2792 eod.
532 2757 581 2792 uno
606 2738 801 2793 Oxoniensiumr
836 2754 883 2789 nso
901 2737 1035 2802 facilitati
1058 2738 1226 2803 inventio,

108 2824 168 2859 nec
193 2808 459 2862 inventionibus
483 2811 581 2862 deesset
598 2817 722 2870 ornutrrs3
743 2805 789 2859 secl
806 2807 842 2859 ci.
860 2807 956 2875 Wopk.
1133 2846 1136 2855 .

178 2879 194 2940 §
214 2880 254 2933 11.
290 2876 384 2929 Cicero
403 2878 436 2929 cle
460 2879 515 2930 Oli.
534 2879 681 2942 1,eo,3:
704 2876 879 2949 „Pntnppnn
894 2878 969 2928 relos
985 2876 1068 2946 gestis
1092 2884 1117 2928 et
1140 2878 1229 2946 glorio

108 2953 257 3015 asperatum
272 2948 348 2998 uideo
368 2965 385 2998 n
397 2947 475 3013 filio,
494 2949 633 3013 facilitate
649 2955 675 2998 et
693 2947 856 2999 lrrrrnnnitate
872 2947 957 3010 fuisse
973 2947 1161 3014 superiorem.“

176 3018 195 3080 S
214 3018 255 3070 lt.
290 3016 381 3084 ltaque
398 3017 478 3083 sinc]
495 3017 541 3068 Sic
558 3017 660 3083 Boug.,
676 3014 776 3069 sarisb.
795 3021 823 3069 et
839 3013 915 3069 codd.
934 3013 1051 3085 plerique
1069 3032 1163 3066 omnes.
1198 3014 1229 3066 ln

107 3083 178 3154 vulg.
195 3084 254 3137 edel.
273 3085 364 3152 ltaque
383 3085 556 3137 desideratur.

176 3162 270 3223 aperta
287 3156 324 3222 oi]
344 3153 388 3206 Sic
405 3155 499 3207 diserte
517 3158 533 3207 6
550 3152 708 3205 recentiores
725 3151 789 3207 licet
803 3151 889 3215 codd,
908 3152 999 3221 quibus
1016 3150 1118 3204 accedit
1135 3151 1228 3215 Goth,

108 3228 135 3275 et
153 3223 211 3275 edd.
231 3230 295 3275 vett.
330 3225 476 3287 sneisham,
496 3223 601 3276 Bellon-
615 3223 653 3285 V,
671 3240 694 3274 ο.
712 3224 764 3287 22,
782 3224 856 3278 codd.
876 3222 975 3289 Bong.‚
993 3223 1011 3274 2
1027 3220 1145 3272 meliores
1157 3222 1228 3273 Gro-

73 3297 76 3305 '
107 3309 181 3344 nous
203 3300 312 3361 operto,
338 3293 427 3345 omissa
444 3310 508 3345 voce
524 3293 567 3353 oi,
593 3308 660 3361 qrrae
676 3308 733 3343 voc.
750 3310 805 3360 seq.
821 3295 867 3346 ille
884 3292 1006 3359 absorpta
1029 3308 1084 3342 esse
1106 3289 1228 3354 videtur3

108 3363 176 3413 uncle
193 3363 292 3430 Bong.,
316 3361 367 3414 imo
385 3363 434 3414 inm
453 3361 549 3413 scribas
567 3361 684 3429 antiquos
708 3378 723 3413 e
746 3361 893 3413 coniectura
911 3368 1001 3428 operte
1018 3359 1148 3411 effinxisse
1166 3377 1228 3430 pro·
1277 3402 1282 3406 -

107 3430 192 3482 babile
210 3438 264 3496 est,
283 3431 352 3499 quod
369 3432 395 3483 in
416 3431 492 3482 Crac.
512 3438 539 3481 et
555 3430 636 3497 Prag.
652 3429 765 3497 legitur,
781 3430 803 3481 si
821 3446 876 3481 eum
895 3437 957 3481 cur'a
974 3428 1060 3482 collati
1078 3435 1146 3481 sunt.

177 3502 253 3562 515.
290 3501 367 3553 Patri
382 3519 436 3552 enos
454 3507 512 3552 erut
529 3500 608 3551 etiarn
626 3500 658 3559 de
676 3499 709 3566 e.]
743 3498 789 3549 Sic
807 3498 882 3551 codd.
900 3515 985 3551 omnes
1010 3516 1066 3550 cum
1084 3498 1182 3551 Sarisb.
1201 3506 1227 3550 et

107 3564 224 3631 Bellon,
241 3587 291 3622 uno
309 3579 419 3638 excepto
437 3569 493 3620 coll.
509 3568 555 3631 N,
574 3566 617 3637 qui
634 3566 814 3620 correctricem
832 3585 930 3621 murrum
948 3568 1039 3636 quovis
1056 3585 1138 3636 paene
1151 3584 1226 3620 versu

108 3650 194 3701 passus
213 3644 265 3700 est;
296 3656 327 3689 ex
345 3657 376 3690 eo
400 3637 480 3706 igitur
498 3646 555 3705 post
579 3636 725 3689 Graeviuur
738 3636 848 3689 liabetur
865 3636 893 3687 iu
912 3637 972 3690 edd.
991 3637 1119 3691 omuibus:
1146 3638 1226 3689 Pater

107 3703 140 3753 dc
163 3707 279 3756 conuiuio
298 3712 359 3760 cett.
397 3708 580 3775 Theopompus
597 3706 690 3774 fragm.
714 3706 782 3760 2982
807 3706 946 3767 Φίλιππος
962 3697 999 3776 ἦν
1017 3704 1051 3759 τὰ
1069 3702 1120 3773 μὲν
1143 3700 1226 3772 φύσει

105 3767 223 3833 μανικὸς
246 3771 293 3824 κοιλ
317 3772 457 3842 προπετὴς
482 3771 528 3827 ἐπὶ
550 3775 608 3826 τῶν
631 3770 784 3842 κινδύνων,
809 3772 846 3828 τὰ
864 3771 895 3829 ri
912 3774 962 3831 διὰ
980 3773 1088 3844 μέθην·
1118 3764 1154 3841 ἦν
1171 3770 1225 3842 γὰρ

107 3835 268 3905 πολυπότης
283 3840 331 3893 κοιλ
348 3844 478 3904 πολλάκις
494 3840 610 3909 μεθύων
627 3840 781 3914 ἐξεβοήθει.

176 3908 289 3973 [monum
313 3916 451 3981 conserere]
482 3915 582 3967 Desunt
606 3913 633 3964 iu
655 3917 698 3966 ed.
715 3915 819 3984 Dung„
842 3919 934 3984 utpote
957 3913 983 3966 in
1006 3913 1107 3972 ‚riuobus
1125 3915 1225 3963 tantum

107 3971 184 4027 codd.
203 3974 236 4025 ab
252 3976 308 4044 ipso
324 3979 443 4046 iuventa3
460 3982 582 4050 ignorant
600 3981 676 4033 etiam
694 3983 753 4034 coll.
772 3984 857 4048 (λα,
877 3986 963 4049 Creo,
977 3981 1057 4050 lllagl.
1071 3986 1099 4034 et
1116 3979 1224 4044 Sarisb,

108 4042 154 4097 sori
173 4043 300 4098 habentur
315 4046 343 4101 iu
359 4048 461 4102 Bellon.
494 4054 593 4121 Aperte
610 4049 742 4119 languent.
