2624 4606
287 215 479 278 nrsrore
508 216 594 279 nra.
615 218 707 280 xxx.
736 217 831 281 cnr.
854 220 883 287 r.
902 178 984 288 as.
1028 176 1032 183 ¹
1144 229 1209 301 ass

177 370 212 429 11.
234 368 345 428 Deinde
362 375 502 429 crescente
521 370 630 429 hcentia
651 370 706 429 ium
725 388 777 432 nec
792 373 943 450 parietibus
957 374 1050 452 regiae
1067 377 1190 440 domust

93 453 229 514 contineri
247 455 396 514 meretricis
410 454 524 512 audacia
537 459 642 532 potest:
665 474 747 541 quam
767 459 963 534 proterviorem
980 461 1083 518 sociata
1105 469 1191 522 eumz

92 537 247 614 Agathocle
260 540 361 612 fratre,
382 539 545 597 ambitiosae
562 537 771 617 pulchritudinis
790 547 898 617 scorto,
917 544 1078 618 quotidiana
1090 548 1175 622 regis

93 631 192 701 stupra
211 622 357 681 iaciebant.
379 620 557 680 'Accedebat
577 630 606 682 et
627 626 715 682 mater
745 625 917 698 Oenunthe',
948 645 1020 702 quae
1040 630 1191 703 geminaetl

91 707 197 780 subolis
210 706 352 777 ,illecebris
372 707 525 765 devinctum
544 725 640 783 regem
661 708 782 766 terrebat.
824 708 921 785 Itaque
942 728 998 768 non
1017 713 1191 772 contentaet
1241 738 1244 743 ’

91 811 161 867 rege
174 793 229 848 iam
242 790 326 850 etiam
340 809 456 866 regnum
466 790 628 868 possident,
649 791 704 849 iam
720 793 749 850 in
766 790 873 870 publico
894 795 1044 868 visuntur,
1054 795 1108 854 iam
1120 816 1165 855 sa·

91 877 229 948 lutontur,
250 875 306 933 iam
318 877 490 933 comitantur.
531 873 698 951 Agathocles
716 877 791 952 regis
807 877 886 936 lateri
905 879 1013 936 iunctus
1027 879 1190 939 civitatemb

90 961 209 1035 regebat
216 974 229 1030 ς’
251 960 420 1032 tribunatus,
441 959 628 1036 praefecturas
649 964 680 1018 et
701 960 815 1018 ducatus
834 961 1165 1024 mulieresordinabaut:

91 1064 144 1104 nec
159 1045 305 1120 quisquam
321 1043 351 1100 in
364 1061 452 1118 regno
467 1061 518 1100 suo
535 1043 625 1100 minus
642 1061 725 1119 quam
738 1045 799 1122 ipse
811 1065 860 1104 rex
876 1046 993 1124 poterat.
1036 1048 1109 1106 Cum
1123 1049 1190 1107 irc-6

90 1129 173 1188 terim
187 1128 281 1186 relicto
296 1126 465 1203 quinquenni
480 1145 513 1184 ex
524 1125 664 1204 Eurydice
682 1146 778 1188 sorore
799 1129 856 1186 filio
873 1132 1004 1202 moritur3
1025 1131 1076 1190 sed
1090 1151 1164 1190 mors

91 1214 150 1273 eius
158 1256 168 1286 ‚
190 1213 256 1271 dum
271 1211 415 1289 pecuniam
429 1211 534 1285 regiam
552 1211 679 1270 mulieres
692 1204 802 1289 rapiunt
816 1219 845 1272 et
863 1213 1005 1291 imperium
1019 1216 1089 1274 inita
1103 1212 1164 1274 cum

90 1296 283 1376 perditissimis
304 1295 444 1354 societate
462 1313 597 1371 occupare
618 1302 766 1368 conantur,
787 1296 837 1354 diu
860 1299 995 1356 occultata
1014 1300 1077 1358 fuit.
1118 1299 1190 1360 Res

90 1389 185 1441 tamen
196 1381 308 1456 cognita
320 1398 452 1438 concursu
464 1377 645 1437 multitudiuis
656 1385 685 1438 et
695 1379 860 1455 Agathocles
882 1383 1013 1440 occiditur
1028 1389 1056 1440 et
1068 1383 1165 1442 mulie·
1207 1424 1211 1435 .

68 1511 73 1535 ,
90 1485 136 1524 res
155 1465 184 1522 in
196 1465 325 1523 ultionem
339 1463 489 1540 Eurydices
506 1460 637 1540 patibulis
658 1463 832 1539 suffiguntur.
874 1465 967 1524 Morte
987 1467 1077 1541 regis,
1099 1473 1190 1545 sup-8

90 1549 172 1628 plicia
186 1548 358 1607 meretricum
372 1547 446 1606 velut
461 1547 572 1624 expiata
584 1548 663 1623 regni
676 1549 789 1607 infamia
802 1549 910 1625 legatos
922 1548 1105 1608 'Alexandrini
1126 1552 1164 1627 ad
1178 1544 1181 1551 ’
1272 1568 1274 1571 ·

90 1635 232 1693 Romanos
248 1633 361 1704 misere,
383 1636 508 1704 orantes,
529 1638 560 1688 ut
578 1630 689 1691 tutelam
699 1633 805 1710 'pupilli
821 1637 981 1710 susciperent
987 1653 998 1702 ‚·
1019 1639 1166 1692 tuerentur-

91 1737 142 1796 que
156 1735 264 1792 regnum
281 1717 415 1794 Aegypti,
436 1715 504 1792 quod
517 1718 572 1774 iam
585 1714 740 1795 Philippum
752 1723 778 1775 et
790 1717 947 1777 Antiochum
958 1717 1042 1795 focio
1056 1721 1124 1777 inter
1137 1739 1164 1778 ss

86 1805 211 1881 pactione
228 1801 351 1860 divisisse
371 1800 507 1859 dicebant.

176 1886 223 1944 ΙΙΙ.
248 1887 337 1944 Grata
357 1885 459 1960 legatio
477 1882 610 1942 Romanis
628 1884 681 1943 tirit
695 1877 812 1943 'causam
830 1885 894 1945 belli
913 1887 1044 1946 adversus
1058 1887 1188 1966 Philip-1

90 1991 158 2050 pum
184 1971 403 2046 quaerentibus,
428 1969 477 2044 qui
493 1969 638 2027 insidiatus
665 1972 835 2046 temporibus
855 1971 950 2030 Punici
977 1971 1050 2039 belli,
1065 1973 1186 2030 fuerat'

91 2057 155 2113 Huc
174 2056 339 2128 accedebat,
370 2054 446 2130 quod
461 2051 564 2110 Poenis
587 2057 618 2110 et
635 2050 793 2112 Hannibale
813 2061 944 2131 superato
960 2054 1058 2113 nullius
1073 2058 1189 2130 magist
1292 2091 1294 2095 -

90 2159 166 2199 arma
179 2140 350 2198 metuebant:
368 2135 574 2214 reputantibus,
588 2141 720 2210 quantum
735 2143 838 2194 motum
852 2137 971 2212 Pyrrhus
982 2157 1069 2215 parva
1082 2157 1166 2198 manu

90 2223 276 2282 Macedonum
290 2221 412 2281 initalia
428 2218 554 2293 fecisset,
577 2223 751 2304 quantasque
765 2239 809 2280 res
823 2219 993 2280 Macedones
1006 2222 1035 2280 in
1048 2223 1164 2282 Oriente

90 2355 298 2370 m

91 2483 114 2536 c
160 2413 192 2466 c.
208 2413 242 2465 11.
264 2416 281 2480 §
300 2415 325 2467 1.
360 2408 477 2478 Deinde]
501 2407 649 2478 „Plerique
665 2424 739 2463 mss:
760 2410 881 2466 debinc.“
900 2412 1014 2466 Gronau
1050 2411 1097 2466 Sic
1114 2409 1203 2476 Goth.

115 2499 169 2535 rao.
854 2496 856 2501 ·
1019 2509 1021 2512 ν

160 2551 219 2616 §d
242 2548 400 2615 ΔθετιιειιΙΙιιι]
418 2545 485 2599 Edd.
503 2551 585 2600 veihs
601 2547 732 2603 maroc.
766 2548 860 2616 Prags
877 2550 988 2602 anote.
1192 2594 1200 2603 .

113 2633 117 2643 ·
161 2620 218 2684 55.
254 2617 405 2682 ciuitatem]
431 2615 497 2667 Call.
516 2615 546 2668 (l.
565 2615 611 2689 (λς
638 2617 765 2669 deitates.
786 2645 821 2655 —
855 2619 1018 2680 tribunatus,
1039 2616 1207 2686 magistratus

89 2689 215 2751 urbanos3
236 2689 419 2756 praefecturas
436 2683 642 2751 provinciarum
665 2685 776 2738 ducatus
791 2684 862 2738 belli.
986 2729 989 2733 .

160 2759 221 2820 §6-
253 2752 540 2822 Eurydice]hrsiuod;
560 2752 636 2805 v.'ad
655 2756 687 2818 1,
705 2756 721 2817 S
739 2755 766 2806 7.
901 2751 904 2755 ’
1193 2800 1198 2811 ,

158 2827 174 2889 §
192 2827 217 2877 7.
252 2823 292 2874 Re
308 2831 396 2874 tomen
413 2822 529 2890 cognita]
549 2819 600 2871 llis.
617 2820 715 2889 Boug.:
729 2821 878 2892 Resoguito
895 2821 1002 2876 taudem
1015 2821 1135 2891 (morte).
1152 2819 1206 2875 Sed

90 2893 161 2960 vulg.
177 2891 255 2943 etism
272 2891 352 2943 habet
369 2889 443 2942 Vino.
462 2889 527 2940 Bell.
545 2888 595 2950 Vl,
613 2889 655 2942 53.

160 2959 318 3027 Eurydices]
338 2960 465 3026 Bong.,et
481 2957 618 3008 vincente
636 2957 782 3024 Eurydicis.
816 2955 916 3011 Similia
941 2973 1021 3027 supra
1037 2957 1154 3012 vidimus.
1172 2985 1207 2998 -·-

89 3032 114 3084 h
131 3029 234 3081 furente
250 3027 409 3080 multitudine
428 3024 514 3078 nudae
531 3023 677 3092 discerptae
693 3030 763 3080 aaut.

158 3101 175 3162 S
193 3100 217 3152 8.
248 3114 286 3165 pu
305 3097 359 3163 illi]
379 3092 518 3150 Ptolemaei
535 3090 687 3160 Epiphanis.

161 3167 276 3218 divisisse
310 3163 477 3216 hccuratiora
493 3162 573 3213 habes
583 3177 632 3228 ap.
650 3159 742 3227 Polyb.
760 3156 813 3222 111,
830 3159 864 3222 ἓ,
882 3162 898 3224 §
916 3161 932 3212 8
950 3159 1038 3228 (quem
1056 3158 1157 3226 corrige
1173 3173 1207 3209 ex

90 3233 269 3291 emendatione
291 3231 429 3285 Niebuhrii
452 3231 480 3282 in
501 3229 562 3281 diss.
581 3230 615 3281 de
631 3228 729 3285 Erash
746 3230 849 3281 Armem
866 3244 893 3297 p.
910 3228 962 3281 295
980 3227 1092 3297 Opusc.)
1111 3225 1206 3278 additis

90 3301 273 3355 animadverss.
292 3300 502 3368 Schweighaeus.
521 3315 546 3367 p.
563 3296 614 3351 499
632 3313 672 3366 sq.
1170 3326 1172 3331 ,

160 3369 190 3421 c.
208 3369 256 3422 ΙΙΙ.
280 3371 296 3433 ς
315 3370 339 3424 1.
379 3368 453 3420 flsec
475 3383 525 3420 nou
548 3366 661 3419 refertur
679 3363 711 3417 in
736 3362 823 3417 causis
848 3362 985 3418 instaurati
1007 3377 1063 3415 curn
1084 3359 1205 3431 Philippo

89 3436 152 3491 belli
170 3454 213 3506 ap.
231 3437 288 3490 hir.
305 3435 411 3500 XXXI,
428 3439 445 3490 5
463 3453 519 3505 sqq.
553 3435 648 3504 Neque
663 3433 766 3502 legatos
782 3432 895 3503 primo
912 3433 945 3486 ab
962 3429 1099 3500 Aegyptiis
1116 3430 1207 3484 missos

89 3506 135 3561 alii
152 3513 259 3559 curant
276 3506 325 3574 (ci.
343 3504 401 3556 Liv.
419 3502 476 3572 14).

160 3575 283 3642 courum]
302 3574 342 3625 Ita
360 3573 461 3641 Bong.,
479 3571 550 3624 cuius
569 3574 750 3637 unustantum
767 3587 876 3632 cmuusr
892 3569 943 3622 hoc
958 3567 1021 3621 licet
1038 3570 1072 3623 10
1089 3567 1205 3619 Gronov,

90 3647 119 3695 et
135 3644 216 3696 ceteri
233 3660 301 3696 recu.
320 3642 450 3704 habeant,
468 3657 530 3708 praa
546 3640 591 3692 illo
609 3637 697 3692 reieci.
723 3639 792 3691 Edd.
810 3638 886 3692 etiam
904 3644 983 3691 vetts
1002 3652 1123 3699 oausam,
1140 3649 1206 3705 quae
1284 3646 1287 3651 “

88 3711 113 3764 si
131 3728 225 3765 cousus
240 3711 268 3763 in
285 3711 359 3764 libris
376 3707 549 3773 invenissent,
567 3707 661 3777 cupide
679 3706 925 3774 esseutamplexae.
1239 3719 1244 3727 “

159 3781 298 3833 insidiatus
314 3775 411 3845 temp]
441 3777 487 3829 Sic
503 3778 520 3829 9
537 3778 671 3840 Gronau,
699 3772 808 3827 Dorvill.
825 3777 852 3828 2.
869 3776 901 3839 3,
924 3773 1023 3837 Goth,
1051 3771 1147 3840 Prug.=
1172 3767 1207 3822 ad

89 3849 245 3901 seutentiam
262 3854 290 3901 et
306 3845 439 3898 historiam
456 3844 566 3913 optime3
585 3845 619 3900 cf.
637 3844 777 3911 Wopkens.
811 3843 893 3911 Bong.
911 3847 940 3894 et
956 3847 1018 3894 cett.
1036 3838 1205 3903 addeinsid.

90 3917 143 3970 cis
159 3925 271 3985 impp,
288 3915 358 3985 quod
375 3913 548 3983 praeterridit
564 3913 677 3965 fortasse
694 3911 735 3964 vir
752 3909 881 3979 egregius.
1040 3917 1042 3923 '
1116 3912 1121 3921 '

160 3987 221 4051 Η.
255 3984 393 4052 superach
417 3981 525 4035 Plurimi
540 3981 631 4036 coddr
649 3980 791 4050 repostis,
814 3979 861 4032 sed
884 3994 949 4033 uuus
972 3981 1071 4032 tantum
1088 3993 1104 4030 a
1120 3975 1204 4045 Bonq.

90 4050 159 4107 Vide
177 4052 367 4123 erkeusium.
656 4110 659 4114 ,
1294 4062 1299 4075 ’

1167 4262 1243 4334 «Ι
