<?xml version="1.0" encoding="UTF-8"?>
<!DOCTYPE html PUBLIC "-//W3C//DTD XHTML 1.0 Transitional//EN"
    "http://www.w3.org/TR/xhtml1/DTD/xhtml1-transitional.dtd">
<html xmlns="http://www.w3.org/1999/xhtml" xml:lang="en" lang="en">
 <head>
  <title>
</title>
<meta http-equiv="Content-Type" content="text/html;charset=utf-8" />
  <meta name='ocr-system' content='tesseract 3.04.00' />
  <meta name='ocr-capabilities' content='ocr_page ocr_carea ocr_par ocr_line ocrx_word'/>
</head>
<body>
  <div class='ocr_page' id='page_1' title='image "./iustinihistoria01dbgoog_0368.png"; bbox 0 0 2624 4606; ppageno 0'>
   <div class='ocr_carea' id='block_1_1' title="bbox 299 206 1287 320">
    <p class='ocr_par' dir='ltr' id='par_1_1' title="bbox 299 206 1287 320">
     <span class='ocr_line' id='line_1_1' title="bbox 299 206 1287 320; baseline 0.016 -15"><span class='ocrx_word' id='word_1_1' title='bbox 299 244 487 305; x_wconf 78' lang='lat' dir='ltr'><strong>ursroa</strong></span> <span class='ocrx_word' id='word_1_2' title='bbox 515 245 603 306; x_wconf 80' lang='lat' dir='ltr'><strong>uro.</strong></span> <span class='ocrx_word' id='word_1_3' title='bbox 624 248 769 309; x_wconf 81' lang='lat' dir='ltr'><strong>xxxva.</strong></span> <span class='ocrx_word' id='word_1_4' title='bbox 797 208 893 313; x_wconf 67' lang='lat' dir='ltr'><strong>car.</strong></span> <span class='ocrx_word' id='word_1_5' title='bbox 916 257 951 318; x_wconf 54' lang='lat'><strong>12</strong></span> <span class='ocrx_word' id='word_1_6' title='bbox 1120 256 1186 320; x_wconf 71' lang='lat' dir='ltr'><strong>aar</strong></span> <span class='ocrx_word' id='word_1_7' title='bbox 1256 206 1287 281; x_wconf 55' lang='lat' dir='ltr'><strong>‘s</strong></span> 
     </span>
    </p>
   </div>
   <div class='ocr_carea' id='block_1_2' title="bbox 43 397 1227 1496">
    <p class='ocr_par' dir='ltr' id='par_1_2' title="bbox 43 397 1227 1496">
     <span class='ocr_line' id='line_1_2' title="bbox 64 397 1167 477; baseline 0.008 -21"><span class='ocrx_word' id='word_1_8' title='bbox 64 416 198 476; x_wconf 76' lang='lat' dir='ltr'><strong>reguum,</strong></span> <span class='ocrx_word' id='word_1_9' title='bbox 219 397 285 457; x_wconf 89' lang='lat' dir='ltr'><strong>inde</strong></span> <span class='ocrx_word' id='word_1_10' title='bbox 296 398 356 456; x_wconf 84' lang='lat' dir='ltr'><strong>vita</strong></span> <span class='ocrx_word' id='word_1_11' title='bbox 371 399 492 458; x_wconf 82' lang='lat' dir='ltr'><strong>ademta</strong></span> <span class='ocrx_word' id='word_1_12' title='bbox 533 399 664 477; x_wconf 84' lang='lat' dir='ltr'><strong>Namque</strong></span> <span class='ocrx_word' id='word_1_13' title='bbox 676 399 801 462; x_wconf 85' lang='lat' dir='ltr'><strong>Laudice</strong></span> <span class='ocrx_word' id='word_1_14' title='bbox 817 422 851 462; x_wconf 85' lang='lat' dir='ltr'><strong>ex</strong></span> <span class='ocrx_word' id='word_1_15' title='bbox 869 423 984 465; x_wconf 91' lang='lat' dir='ltr'><strong>nurnero</strong></span> <span class='ocrx_word' id='word_1_16' title='bbox 1003 423 1052 466; x_wconf 83' lang='lat' dir='ltr'><strong>sex</strong></span> <span class='ocrx_word' id='word_1_17' title='bbox 1070 405 1167 467; x_wconf 81' lang='lat' dir='ltr'><strong>filio-4</strong></span> 
     </span>
     <span class='ocr_line' id='line_1_3' title="bbox 43 482 1144 564; baseline 0.007 -22"><span class='ocrx_word' id='word_1_18' title='bbox 43 493 143 557; x_wconf 79' lang='lat' dir='ltr'><strong>rum,</strong></span> <span class='ocrx_word' id='word_1_19' title='bbox 163 501 234 558; x_wconf 89' lang='lat' dir='ltr'><strong>quos</strong></span> <span class='ocrx_word' id='word_1_20' title='bbox 251 482 335 540; x_wconf 82' lang='lat' dir='ltr'><strong>virilis</strong></span> <span class='ocrx_word' id='word_1_21' title='bbox 359 503 439 542; x_wconf 84' lang='lat' dir='ltr'><strong>sexus</strong></span> <span class='ocrx_word' id='word_1_22' title='bbox 460 503 494 543; x_wconf 86' lang='lat' dir='ltr'><strong>ex</strong></span> <span class='ocrx_word' id='word_1_23' title='bbox 513 482 658 545; x_wconf 72' lang='lat' dir='ltr'>Ariarathe</span> <span class='ocrx_word' id='word_1_24' title='bbox 680 506 748 562; x_wconf 89' lang='lat' dir='ltr'><strong>rege</strong></span> <span class='ocrx_word' id='word_1_25' title='bbox 776 496 956 564; x_wconf 80' lang='lat' dir='ltr'><strong>susceperat,</strong></span> <span class='ocrx_word' id='word_1_26' title='bbox 986 491 1087 549; x_wconf 85' lang='lat' dir='ltr'><strong>timens</strong></span> <span class='ocrx_word' id='word_1_27' title='bbox 1106 509 1144 550; x_wconf 91' lang='lat' dir='ltr'><strong>ue</strong></span> 
     </span>
     <span class='ocr_line' id='line_1_4' title="bbox 64 567 1142 652; baseline 0.007 -26"><span class='ocrx_word' id='word_1_28' title='bbox 64 587 123 626; x_wconf 86' lang='lat' dir='ltr'><strong>non</strong></span> <span class='ocrx_word' id='word_1_29' title='bbox 147 567 281 625; x_wconf 78' lang='lat' dir='ltr'><strong>diutinam</strong></span> <span class='ocrx_word' id='word_1_30' title='bbox 299 569 379 643; x_wconf 87' lang='lat' dir='ltr'><strong>regni</strong></span> <span class='ocrx_word' id='word_1_31' title='bbox 397 569 665 649; x_wconf 76' lang='lat' dir='ltr'><strong>administrationem</strong></span> <span class='ocrx_word' id='word_1_32' title='bbox 688 571 787 630; x_wconf 89' lang='lat' dir='ltr'><strong>adultis</strong></span> <span class='ocrx_word' id='word_1_33' title='bbox 809 573 973 648; x_wconf 88' lang='lat' dir='ltr'><strong>quibusdum</strong></span> <span class='ocrx_word' id='word_1_34' title='bbox 994 575 1142 652; x_wconf 85' lang='lat' dir='ltr'><strong>potiretur,</strong></span> 
     </span>
     <span class='ocr_line' id='line_1_5' title="bbox 64 652 1211 738; baseline 0.008 -28"><span class='ocrx_word' id='word_1_35' title='bbox 64 652 188 730; x_wconf 88' lang='lat' dir='ltr'><strong>quinque</strong></span> <span class='ocrx_word' id='word_1_36' title='bbox 208 652 372 730; x_wconf 77' lang='lat' dir='ltr'><strong>parricidiali</strong></span> <span class='ocrx_word' id='word_1_37' title='bbox 392 671 499 712; x_wconf 86' lang='lat' dir='ltr'><strong>veneno</strong></span> <span class='ocrx_word' id='word_1_38' title='bbox 523 656 650 714; x_wconf 80' lang='lat' dir='ltr'><strong>necavit:</strong></span> <span class='ocrx_word' id='word_1_39' title='bbox 668 675 751 714; x_wconf 89' lang='lat' dir='ltr'><strong>unum</strong></span> <span class='ocrx_word' id='word_1_40' title='bbox 770 656 912 734; x_wconf 78' lang='lat' dir='ltr'><strong>parvulum</strong></span> <span class='ocrx_word' id='word_1_41' title='bbox 932 657 1027 718; x_wconf 90' lang='lat' dir='ltr'><strong>sceleri</strong></span> <span class='ocrx_word' id='word_1_42' title='bbox 1047 662 1168 719; x_wconf 73' lang='lat' dir='ltr'><strong>matrici</strong></span> <span class='ocrx_word' id='word_1_43' title='bbox 1207 719 1211 738; x_wconf 44' lang='lat'><em>¹</em></span> 
     </span>
     <span class='ocr_line' id='line_1_6' title="bbox 64 738 1144 822; baseline 0.007 -28"><span class='ocrx_word' id='word_1_44' title='bbox 64 742 243 814; x_wconf 85' lang='lat' dir='ltr'><strong>cognatorum</strong></span> <span class='ocrx_word' id='word_1_45' title='bbox 256 738 383 795; x_wconf 89' lang='lat' dir='ltr'><strong>custodia</strong></span> <span class='ocrx_word' id='word_1_46' title='bbox 394 738 511 815; x_wconf 85' lang='lat' dir='ltr'><strong>eripuit,</strong></span> <span class='ocrx_word' id='word_1_47' title='bbox 532 741 580 815; x_wconf 89' lang='lat' dir='ltr'><strong>qui</strong></span> <span class='ocrx_word' id='word_1_48' title='bbox 599 745 664 818; x_wconf 81' lang='lat' dir='ltr'><strong>post</strong></span> <span class='ocrx_word' id='word_1_49' title='bbox 675 759 772 800; x_wconf 87' lang='lat' dir='ltr'><strong>necem</strong></span> <span class='ocrx_word' id='word_1_50' title='bbox 782 739 919 801; x_wconf 81' lang='lat' dir='ltr'><strong>Laudicea</strong></span> <span class='ocrx_word' id='word_1_51' title='bbox 933 743 1011 816; x_wconf 88' lang='lat' dir='ltr'><strong>(num</strong></span> <span class='ocrx_word' id='word_1_52' title='bbox 1028 749 1144 822; x_wconf 88' lang='lat' dir='ltr'><strong>propter</strong></span> 
     </span>
     <span class='ocr_line' id='line_1_7' title="bbox 63 821 1168 904; baseline 0.008 -24"><span class='ocrx_word' id='word_1_53' title='bbox 63 821 253 891; x_wconf 81' lang='lat' dir='ltr'><strong>crudelitatem</strong></span> <span class='ocrx_word' id='word_1_54' title='bbox 269 840 330 880; x_wconf 84' lang='lat' dir='ltr'><strong>eam</strong></span> <span class='ocrx_word' id='word_1_55' title='bbox 342 822 463 900; x_wconf 86' lang='lat' dir='ltr'><strong>populus</strong></span> <span class='ocrx_word' id='word_1_56' title='bbox 476 825 658 900; x_wconf 77' lang='lat' dir='ltr'><strong>exstinxerat)</strong></span> <span class='ocrx_word' id='word_1_57' title='bbox 678 824 752 900; x_wconf 74' lang='lat' dir='ltr'><strong>solus</strong></span> <span class='ocrx_word' id='word_1_58' title='bbox 765 844 854 902; x_wconf 86' lang='lat' dir='ltr'><strong>regno</strong></span> <span class='ocrx_word' id='word_1_59' title='bbox 871 828 978 904; x_wconf 75' lang='lat' dir='ltr'><strong>potitus</strong></span> <span class='ocrx_word' id='word_1_60' title='bbox 992 831 1054 888; x_wconf 76' lang='lat' dir='ltr'><strong>est·</strong></span> <span class='ocrx_word' id='word_1_61' title='bbox 1086 827 1168 889; x_wconf 78' lang='lat' dir='ltr'><strong>lli-o</strong></span> 
     </span>
     <span class='ocr_line' id='line_1_8' title="bbox 62 906 1143 992; baseline 0.007 -28"><span class='ocrx_word' id='word_1_62' title='bbox 62 906 199 965; x_wconf 87' lang='lat' dir='ltr'><strong>tluidates</strong></span> <span class='ocrx_word' id='word_1_63' title='bbox 217 925 330 982; x_wconf 84' lang='lat' dir='ltr'><strong>quoque</strong></span> <span class='ocrx_word' id='word_1_64' title='bbox 353 908 500 983; x_wconf 83' lang='lat' dir='ltr'><strong>repentine</strong></span> <span class='ocrx_word' id='word_1_65' title='bbox 524 913 614 967; x_wconf 87' lang='lat' dir='ltr'><strong>morte</strong></span> <span class='ocrx_word' id='word_1_66' title='bbox 637 909 807 988; x_wconf 86' lang='lat' dir='ltr'><strong>interceptus</strong></span> <span class='ocrx_word' id='word_1_67' title='bbox 828 909 936 985; x_wconf 91' lang='lat' dir='ltr'><strong>filium,</strong></span> <span class='ocrx_word' id='word_1_68' title='bbox 964 914 1012 988; x_wconf 86' lang='lat' dir='ltr'><strong>qui</strong></span> <span class='ocrx_word' id='word_1_69' title='bbox 1033 918 1062 972; x_wconf 90' lang='lat' dir='ltr'><strong>et</strong></span> <span class='ocrx_word' id='word_1_70' title='bbox 1081 914 1143 992; x_wconf 87' lang='lat' dir='ltr'><strong>ipse</strong></span> 
     </span>
     <span class='ocr_line' id='line_1_9' title="bbox 62 989 1168 1072; baseline 0.006 -24"><span class='ocrx_word' id='word_1_71' title='bbox 62 989 239 1050; x_wconf 78' lang='lat' dir='ltr'><strong>Mithridates</strong></span> <span class='ocrx_word' id='word_1_72' title='bbox 250 991 339 1048; x_wconf 87' lang='lat' dir='ltr'><strong>dictus</strong></span> <span class='ocrx_word' id='word_1_73' title='bbox 352 997 411 1064; x_wconf 84' lang='lat' dir='ltr'><strong>est,</strong></span> <span class='ocrx_word' id='word_1_74' title='bbox 431 992 556 1068; x_wconf 89' lang='lat' dir='ltr'><strong>reliquit:</strong></span> <span class='ocrx_word' id='word_1_75' title='bbox 576 993 653 1053; x_wconf 76' lang='lat' dir='ltr'><strong>carius</strong></span> <span class='ocrx_word' id='word_1_76' title='bbox 672 1013 706 1052; x_wconf 85' lang='lat' dir='ltr'><strong>ea</strong></span> <span class='ocrx_word' id='word_1_77' title='bbox 724 1001 825 1072; x_wconf 83' lang='lat' dir='ltr'><strong>postea</strong></span> <span class='ocrx_word' id='word_1_78' title='bbox 843 995 1006 1072; x_wconf 82' lang='lat' dir='ltr'><strong>magnitudo</strong></span> <span class='ocrx_word' id='word_1_79' title='bbox 1022 997 1092 1071; x_wconf 80' lang='lat' dir='ltr'><strong>fuir,</strong></span> <span class='ocrx_word' id='word_1_80' title='bbox 1113 1002 1168 1056; x_wconf 77' lang='lat' dir='ltr'><strong>uti</strong></span> 
     </span>
     <span class='ocr_line' id='line_1_10' title="bbox 63 1076 1143 1156; baseline 0.006 -22"><span class='ocrx_word' id='word_1_81' title='bbox 63 1094 121 1134; x_wconf 89' lang='lat' dir='ltr'><strong>nou</strong></span> <span class='ocrx_word' id='word_1_82' title='bbox 136 1076 178 1134; x_wconf 93' lang='lat' dir='ltr'><strong>sui</strong></span> <span class='ocrx_word' id='word_1_83' title='bbox 194 1081 301 1134; x_wconf 89' lang='lat' dir='ltr'><strong>tantum</strong></span> <span class='ocrx_word' id='word_1_84' title='bbox 317 1077 465 1153; x_wconf 85' lang='lat' dir='ltr'><strong>temporis,</strong></span> <span class='ocrx_word' id='word_1_85' title='bbox 486 1096 586 1137; x_wconf 84' lang='lat' dir='ltr'><strong>verum</strong></span> <span class='ocrx_word' id='word_1_86' title='bbox 604 1077 689 1137; x_wconf 85' lang='lat' dir='ltr'><strong>etium</strong></span> <span class='ocrx_word' id='word_1_87' title='bbox 709 1079 857 1156; x_wconf 85' lang='lat' dir='ltr'><strong>superioris</strong></span> <span class='ocrx_word' id='word_1_88' title='bbox 873 1081 974 1140; x_wconf 84' lang='lat' dir='ltr'><strong>aetatis</strong></span> <span class='ocrx_word' id='word_1_89' title='bbox 989 1100 1085 1140; x_wconf 90' lang='lat' dir='ltr'><strong>omnes</strong></span> <span class='ocrx_word' id='word_1_90' title='bbox 1097 1101 1143 1141; x_wconf 89' lang='lat' dir='ltr'><strong>re·</strong></span> 
     </span>
     <span class='ocr_line' id='line_1_11' title="bbox 63 1161 1142 1242; baseline 0.006 -25"><span class='ocrx_word' id='word_1_91' title='bbox 63 1179 115 1237; x_wconf 87' lang='lat' dir='ltr'><strong>ges</strong></span> <span class='ocrx_word' id='word_1_92' title='bbox 127 1161 273 1219; x_wconf 84' lang='lat' dir='ltr'><strong>maiestate</strong></span> <span class='ocrx_word' id='word_1_93' title='bbox 286 1161 454 1236; x_wconf 85' lang='lat' dir='ltr'><strong>superaverit</strong></span> <span class='ocrx_word' id='word_1_94' title='bbox 467 1161 595 1238; x_wconf 88' lang='lat' dir='ltr'><strong>bellaque</strong></span> <span class='ocrx_word' id='word_1_95' title='bbox 608 1181 670 1220; x_wconf 88' lang='lat' dir='ltr'><strong>cum</strong></span> <span class='ocrx_word' id='word_1_96' title='bbox 683 1161 818 1221; x_wconf 78' lang='lat' dir='ltr'><strong>Romania</strong></span> <span class='ocrx_word' id='word_1_97' title='bbox 834 1183 885 1241; x_wconf 89' lang='lat' dir='ltr'><strong>per</strong></span> <span class='ocrx_word' id='word_1_98' title='bbox 899 1165 1083 1242; x_wconf 84' lang='lat' dir='ltr'><strong>quadraginta</strong></span> <span class='ocrx_word' id='word_1_99' title='bbox 1093 1185 1142 1225; x_wconf 84' lang='lat' dir='ltr'><strong>sex</strong></span> 
     </span>
     <span class='ocr_line' id='line_1_12' title="bbox 64 1244 1227 1327; baseline 0.007 -24"><span class='ocrx_word' id='word_1_100' title='bbox 64 1262 152 1303; x_wconf 88' lang='lat' dir='ltr'><strong>anuos</strong></span> <span class='ocrx_word' id='word_1_101' title='bbox 172 1244 248 1302; x_wconf 83' lang='lat' dir='ltr'><strong>varia</strong></span> <span class='ocrx_word' id='word_1_102' title='bbox 263 1245 379 1302; x_wconf 83' lang='lat' dir='ltr'><strong>victoria</strong></span> <span class='ocrx_word' id='word_1_103' title='bbox 391 1246 526 1319; x_wconf 86' lang='lat' dir='ltr'><strong>gesserit:</strong></span> <span class='ocrx_word' id='word_1_104' title='bbox 551 1264 612 1305; x_wconf 87' lang='lat' dir='ltr'><strong>cum</strong></span> <span class='ocrx_word' id='word_1_105' title='bbox 635 1265 698 1306; x_wconf 90' lang='lat' dir='ltr'><strong>eum</strong></span> <span class='ocrx_word' id='word_1_106' title='bbox 719 1247 818 1306; x_wconf 89' lang='lat' dir='ltr'><strong>summi</strong></span> <span class='ocrx_word' id='word_1_107' title='bbox 839 1248 1033 1327; x_wconf 88' lang='lat' dir='ltr'><strong>imperatores,</strong></span> <span class='ocrx_word' id='word_1_108' title='bbox 1055 1249 1167 1326; x_wconf 66' lang='lat' dir='ltr'><strong>Syllae</strong></span> <span class='ocrx_word' id='word_1_109' title='bbox 1224 1288 1227 1295; x_wconf 94' lang='lat'>·</span> 
     </span>
     <span class='ocr_line' id='line_1_13' title="bbox 61 1327 1142 1412; baseline 0.006 -25"><span class='ocrx_word' id='word_1_110' title='bbox 61 1327 192 1387; x_wconf 88' lang='lat' dir='ltr'><strong>Lucullus</strong></span> <span class='ocrx_word' id='word_1_111' title='bbox 214 1329 378 1404; x_wconf 84' lang='lat' dir='ltr'><strong>ceterique,</strong></span> <span class='ocrx_word' id='word_1_112' title='bbox 405 1329 434 1386; x_wconf 90' lang='lat' dir='ltr'><strong>iu</strong></span> <span class='ocrx_word' id='word_1_113' title='bbox 461 1349 566 1389; x_wconf 87' lang='lat' dir='ltr'><strong>summa</strong></span> <span class='ocrx_word' id='word_1_114' title='bbox 589 1330 683 1391; x_wconf 73' lang='lat' dir='ltr'><strong>creas</strong></span> <span class='ocrx_word' id='word_1_115' title='bbox 699 1330 872 1412; x_wconf 68' lang='lat' dir='ltr'><strong>Bompeius,</strong></span> <span class='ocrx_word' id='word_1_116' title='bbox 899 1333 937 1391; x_wconf 88' lang='lat' dir='ltr'><strong>ita</strong></span> <span class='ocrx_word' id='word_1_117' title='bbox 958 1335 1089 1409; x_wconf 86' lang='lat' dir='ltr'><strong>vicerint,</strong></span> <span class='ocrx_word' id='word_1_118' title='bbox 1108 1341 1142 1395; x_wconf 88' lang='lat' dir='ltr'><strong>ut</strong></span> 
     </span>
     <span class='ocr_line' id='line_1_14' title="bbox 62 1412 1142 1496; baseline 0.006 -24"><span class='ocrx_word' id='word_1_119' title='bbox 62 1415 152 1472; x_wconf 87' lang='lat' dir='ltr'><strong>maior</strong></span> <span class='ocrx_word' id='word_1_120' title='bbox 165 1412 317 1490; x_wconf 86' lang='lat' dir='ltr'><strong>clariorque</strong></span> <span class='ocrx_word' id='word_1_121' title='bbox 330 1414 358 1470; x_wconf 90' lang='lat' dir='ltr'><strong>in</strong></span> <span class='ocrx_word' id='word_1_122' title='bbox 369 1416 552 1473; x_wconf 88' lang='lat' dir='ltr'><strong>restaurando</strong></span> <span class='ocrx_word' id='word_1_123' title='bbox 571 1414 642 1475; x_wconf 76' lang='lat' dir='ltr'><strong>hedo</strong></span> <span class='ocrx_word' id='word_1_124' title='bbox 664 1422 822 1493; x_wconf 78' lang='lat' dir='ltr'><strong>resurgeret</strong></span> <span class='ocrx_word' id='word_1_125' title='bbox 833 1417 996 1496; x_wconf 84' lang='lat' dir='ltr'><strong>damnisque</strong></span> <span class='ocrx_word' id='word_1_126' title='bbox 1009 1420 1066 1477; x_wconf 93' lang='lat' dir='ltr'><strong>suis</strong></span> <span class='ocrx_word' id='word_1_127' title='bbox 1085 1424 1142 1480; x_wconf 87' lang='lat' dir='ltr'><strong>ter·</strong></span> 
     </span>
    </p>
   </div>
   <div class='ocr_carea' id='block_1_3' title="bbox 59 1663 1214 2096">
    <p class='ocr_par' dir='ltr' id='par_1_3' title="bbox 61 1663 1182 1874">
     <span class='ocr_line' id='line_1_15' title="bbox 130 1663 1182 1736; baseline 0.003 -14"><span class='ocrx_word' id='word_1_128' title='bbox 130 1663 210 1733; x_wconf 53' lang='lat' dir='ltr'><strong>§iv</strong></span> <span class='ocrx_word' id='word_1_129' title='bbox 226 1665 359 1735; x_wconf 70' lang='lat' dir='ltr'><strong>mitta]</strong></span> <span class='ocrx_word' id='word_1_130' title='bbox 377 1666 493 1733; x_wconf 79' lang='lat' dir='ltr'><strong>Gronov.</strong></span> <span class='ocrx_word' id='word_1_131' title='bbox 510 1684 526 1721; x_wconf 86' lang='lat' dir='ltr'><strong>s</strong></span> <span class='ocrx_word' id='word_1_132' title='bbox 544 1668 609 1721; x_wconf 84' lang='lat' dir='ltr'><strong>vett.</strong></span> <span class='ocrx_word' id='word_1_133' title='bbox 626 1667 702 1724; x_wconf 73' lang='lat' dir='ltr'><strong>eddi</strong></span> <span class='ocrx_word' id='word_1_134' title='bbox 720 1671 843 1725; x_wconf 61' lang='lat' dir='ltr'><strong>Iamdice.</strong></span> <span class='ocrx_word' id='word_1_135' title='bbox 860 1668 905 1724; x_wconf 85' lang='lat' dir='ltr'><strong>Sic</strong></span> <span class='ocrx_word' id='word_1_136' title='bbox 922 1669 1000 1724; x_wconf 86' lang='lat' dir='ltr'><strong>etiam</strong></span> <span class='ocrx_word' id='word_1_137' title='bbox 1013 1669 1089 1726; x_wconf 89' lang='lat' dir='ltr'><strong>codd.</strong></span> <span class='ocrx_word' id='word_1_138' title='bbox 1103 1686 1182 1736; x_wconf 74' lang='lat' dir='ltr'><strong>rece,</strong></span> 
     </span>
     <span class='ocr_line' id='line_1_16' title="bbox 61 1735 1182 1811; baseline 0.001 -20"><span class='ocrx_word' id='word_1_139' title='bbox 61 1742 93 1791; x_wconf 92' lang='lat' dir='ltr'><strong>ut</strong></span> <span class='ocrx_word' id='word_1_140' title='bbox 109 1736 190 1791; x_wconf 83' lang='lat' dir='ltr'><strong>Goth.</strong></span> <span class='ocrx_word' id='word_1_141' title='bbox 224 1735 407 1789; x_wconf 86' lang='lat' dir='ltr'><strong>Dubitationea</strong></span> <span class='ocrx_word' id='word_1_142' title='bbox 423 1735 546 1806; x_wconf 83' lang='lat' dir='ltr'><strong>quasdam</strong></span> <span class='ocrx_word' id='word_1_143' title='bbox 569 1736 603 1790; x_wconf 87' lang='lat' dir='ltr'><strong>de</strong></span> <span class='ocrx_word' id='word_1_144' title='bbox 627 1754 657 1792; x_wconf 84' lang='lat' dir='ltr'><strong>re</strong></span> <span class='ocrx_word' id='word_1_145' title='bbox 681 1755 708 1792; x_wconf 84' lang='lat' dir='ltr'><strong>v.</strong></span> <span class='ocrx_word' id='word_1_146' title='bbox 725 1756 768 1809; x_wconf 83' lang='lat' dir='ltr'><strong>ap.</strong></span> <span class='ocrx_word' id='word_1_147' title='bbox 784 1738 903 1811; x_wconf 77' lang='lat' dir='ltr'><strong>Bnyliuro</strong></span> <span class='ocrx_word' id='word_1_148' title='bbox 920 1739 983 1807; x_wconf 73' lang='lat' dir='ltr'><strong>dict.</strong></span> <span class='ocrx_word' id='word_1_149' title='bbox 1000 1740 1059 1795; x_wconf 86' lang='lat' dir='ltr'><strong>orit.</strong></span> <span class='ocrx_word' id='word_1_150' title='bbox 1076 1747 1103 1794; x_wconf 89' lang='lat' dir='ltr'><strong>et</strong></span> <span class='ocrx_word' id='word_1_151' title='bbox 1119 1741 1182 1795; x_wconf 75' lang='lat' dir='ltr'><strong>laist.</strong></span> 
     </span>
     <span class='ocr_line' id='line_1_17' title="bbox 61 1803 663 1874; baseline 0.003 -17"><span class='ocrx_word' id='word_1_152' title='bbox 61 1822 87 1858; x_wconf 82' lang='lat' dir='ltr'><strong>r.</strong></span> <span class='ocrx_word' id='word_1_153' title='bbox 106 1803 288 1874; x_wconf 82' lang='lat' dir='ltr'><strong>Cappadocia,</strong></span> <span class='ocrx_word' id='word_1_154' title='bbox 306 1821 333 1872; x_wconf 86' lang='lat' dir='ltr'><strong>p.</strong></span> <span class='ocrx_word' id='word_1_155' title='bbox 351 1804 387 1858; x_wconf 73' lang='lat'><strong>49</strong></span> <span class='ocrx_word' id='word_1_156' title='bbox 404 1822 428 1856; x_wconf 88' lang='lat' dir='ltr'><strong>a.</strong></span> <span class='ocrx_word' id='word_1_157' title='bbox 446 1805 487 1858; x_wconf 88' lang='lat' dir='ltr'><strong>ed.</strong></span> <span class='ocrx_word' id='word_1_158' title='bbox 506 1805 663 1860; x_wconf 76' lang='lat' dir='ltr'><strong>Gotcnled.</strong></span> 
     </span>
    </p>

    <p class='ocr_par' dir='ltr' id='par_1_4' title="bbox 59 1874 1214 2096">
     <span class='ocr_line' id='line_1_18' title="bbox 129 1874 1182 1944; baseline 0.004 -19"><span class='ocrx_word' id='word_1_159' title='bbox 129 1875 258 1927; x_wconf 83' lang='lat' dir='ltr'><strong>diutinam</strong></span> <span class='ocrx_word' id='word_1_160' title='bbox 274 1890 298 1925; x_wconf 82' lang='lat' dir='ltr'><strong>r.</strong></span> <span class='ocrx_word' id='word_1_161' title='bbox 316 1875 586 1943; x_wconf 80' lang='lat' dir='ltr'><strong>administrationem]</strong></span> <span class='ocrx_word' id='word_1_162' title='bbox 611 1875 657 1926; x_wconf 83' lang='lat' dir='ltr'><strong>Sic</strong></span> <span class='ocrx_word' id='word_1_163' title='bbox 680 1884 775 1928; x_wconf 78' lang='lat' dir='ltr'><strong>omnes·</strong></span> <span class='ocrx_word' id='word_1_164' title='bbox 789 1875 865 1928; x_wconf 85' lang='lat' dir='ltr'><strong>codd.</strong></span> <span class='ocrx_word' id='word_1_165' title='bbox 883 1876 981 1944; x_wconf 74' lang='lat' dir='ltr'><strong>Bonge</strong></span> <span class='ocrx_word' id='word_1_166' title='bbox 1012 1874 1082 1944; x_wconf 86' lang='lat' dir='ltr'><strong>quod</strong></span> <span class='ocrx_word' id='word_1_167' title='bbox 1105 1876 1182 1930; x_wconf 87' lang='lat' dir='ltr'><strong>etiam</strong></span> 
     </span>
     <span class='ocr_line' id='line_1_19' title="bbox 59 1940 1214 2014; baseline 0.004 -20"><span class='ocrx_word' id='word_1_168' title='bbox 59 1947 122 2012; x_wconf 83' lang='lat' dir='ltr'><strong>post</strong></span> <span class='ocrx_word' id='word_1_169' title='bbox 137 1941 337 2009; x_wconf 71' lang='lat' dir='ltr'><strong>distinctionem,</strong></span> <span class='ocrx_word' id='word_1_170' title='bbox 355 1959 432 2012; x_wconf 88' lang='lat' dir='ltr'><strong>quam</strong></span> <span class='ocrx_word' id='word_1_171' title='bbox 449 1945 572 2009; x_wconf 80' lang='lat' dir='ltr'><strong>exposuit</strong></span> <span class='ocrx_word' id='word_1_172' title='bbox 588 1943 731 1996; x_wconf 85' lang='lat' dir='ltr'><strong>Beneckius</strong></span> <span class='ocrx_word' id='word_1_173' title='bbox 749 1944 782 1996; x_wconf 87' lang='lat' dir='ltr'><strong>ad</strong></span> <span class='ocrx_word' id='word_1_174' title='bbox 799 1944 835 1996; x_wconf 86' lang='lat' dir='ltr'><strong>Vl</strong></span> <span class='ocrx_word' id='word_1_175' title='bbox 844 1982 852 2008; x_wconf 93' lang='lat'><strong>,</strong></span> <span class='ocrx_word' id='word_1_176' title='bbox 869 1940 903 2009; x_wconf 78' lang='lat'><strong>4,</strong></span> <span class='ocrx_word' id='word_1_177' title='bbox 922 1947 939 2009; x_wconf 80' lang='lat'>§</span> <span class='ocrx_word' id='word_1_178' title='bbox 956 1947 988 2009; x_wconf 83' lang='lat'><strong>8,</strong></span> <span class='ocrx_word' id='word_1_179' title='bbox 1006 1945 1191 2014; x_wconf 64' lang='lat' dir='ltr'><strong>expellendum*</strong></span> <span class='ocrx_word' id='word_1_180' title='bbox 1208 1950 1214 1955; x_wconf 85' lang='lat'>&#39;</span> 
     </span>
     <span class='ocr_line' id='line_1_20' title="bbox 60 2010 1183 2096; baseline 0.003 -33"><span class='ocrx_word' id='word_1_181' title='bbox 60 2027 111 2063; x_wconf 88' lang='lat' dir='ltr'><strong>nou</strong></span> <span class='ocrx_word' id='word_1_182' title='bbox 129 2017 202 2065; x_wconf 74' lang='lat' dir='ltr'><strong>erate</strong></span> <span class='ocrx_word' id='word_1_183' title='bbox 220 2011 344 2072; x_wconf 85' lang='lat' dir='ltr'><strong>timebat,</strong></span> <span class='ocrx_word' id='word_1_184' title='bbox 362 2028 395 2062; x_wconf 87' lang='lat' dir='ltr'><strong>ue</strong></span> <span class='ocrx_word' id='word_1_185' title='bbox 413 2010 567 2075; x_wconf 83' lang='lat' dir='ltr'><strong>dominatio,</strong></span> <span class='ocrx_word' id='word_1_186' title='bbox 592 2029 666 2080; x_wconf 81' lang='lat' dir='ltr'><strong>quarn</strong></span> <span class='ocrx_word' id='word_1_187' title='bbox 684 2013 733 2065; x_wconf 90' lang='lat' dir='ltr'><strong>iam</strong></span> <span class='ocrx_word' id='word_1_188' title='bbox 752 2013 855 2096; x_wconf 70' lang='lat' dir='ltr'><strong>accepit</strong></span> <span class='ocrx_word' id='word_1_189' title='bbox 871 2020 970 2065; x_wconf 88' lang='lat' dir='ltr'><strong>mortno</strong></span> <span class='ocrx_word' id='word_1_190' title='bbox 988 2015 1114 2082; x_wconf 83' lang='lat' dir='ltr'><strong>coniuge,</strong></span> <span class='ocrx_word' id='word_1_191' title='bbox 1132 2031 1183 2066; x_wconf 90' lang='lat' dir='ltr'><strong>nou</strong></span> 
     </span>
    </p>
   </div>
   <div class='ocr_carea' id='block_1_4' title="bbox 60 2079 1286 2134">
    <p class='ocr_par' dir='ltr' id='par_1_5' title="bbox 60 2079 1286 2134">
     <span class='ocr_line' id='line_1_21' title="bbox 60 2079 1286 2134; baseline 0 -1"><span class='ocrx_word' id='word_1_192' title='bbox 60 2081 132 2133; x_wconf 81' lang='lat' dir='ltr'><strong>foret</strong></span> <span class='ocrx_word' id='word_1_193' title='bbox 148 2079 256 2133; x_wconf 82' lang='lat' dir='ltr'><strong>diutina.</strong></span> <span class='ocrx_word' id='word_1_194' title='bbox 292 2079 454 2133; x_wconf 74' lang='lat' dir='ltr'><strong>nummum:</strong></span> <span class='ocrx_word' id='word_1_195' title='bbox 478 2081 582 2133; x_wconf 86' lang='lat' dir='ltr'><strong>diutina</strong></span> <span class='ocrx_word' id='word_1_196' title='bbox 597 2092 620 2131; x_wconf 83' lang='lat' dir='ltr'><strong>r.</strong></span> <span class='ocrx_word' id='word_1_197' title='bbox 639 2082 867 2134; x_wconf 76' lang='lat' dir='ltr'><strong>administratione</strong></span> <span class='ocrx_word' id='word_1_198' title='bbox 890 2080 932 2134; x_wconf 83' lang='lat' dir='ltr'><strong>vel</strong></span> <span class='ocrx_word' id='word_1_199' title='bbox 950 2083 1020 2134; x_wconf 83' lang='lat' dir='ltr'><strong>adn.</strong></span> <span class='ocrx_word' id='word_1_200' title='bbox 1036 2099 1058 2134; x_wconf 87' lang='lat' dir='ltr'><strong>r.</strong></span> <span class='ocrx_word' id='word_1_201' title='bbox 1077 2082 1206 2134; x_wconf 87' lang='lat' dir='ltr'><strong>Grono-‘</strong></span> <span class='ocrx_word' id='word_1_202' title='bbox 1282 2122 1286 2127; x_wconf 88' lang='lat'>.</span> 
     </span>
    </p>
   </div>
   <div class='ocr_carea' id='block_1_5' title="bbox 58 2146 1180 2905">
    <p class='ocr_par' dir='ltr' id='par_1_6' title="bbox 58 2146 1180 2423">
     <span class='ocr_line' id='line_1_22' title="bbox 58 2146 1180 2273; baseline 0.002 -72"><span class='ocrx_word' id='word_1_203' title='bbox 58 2149 132 2273; x_wconf 44' lang='grc' dir='ltr'><strong>ἷίσῶἰ</strong></span> <span class='ocrx_word' id='word_1_204' title='bbox 142 2150 266 2270; x_wconf 54' lang='lat' dir='ltr'><strong>&#39;piamque</strong></span> <span class='ocrx_word' id='word_1_205' title='bbox 286 2147 328 2202; x_wconf 83' lang='lat' dir='ltr'><strong>vel</strong></span> <span class='ocrx_word' id='word_1_206' title='bbox 346 2163 432 2201; x_wconf 85' lang='lat' dir='ltr'><strong>omnes</strong></span> <span class='ocrx_word' id='word_1_207' title='bbox 448 2147 547 2202; x_wconf 82' lang='lat' dir='ltr'><strong>habero</strong></span> <span class='ocrx_word' id='word_1_208' title='bbox 563 2146 701 2213; x_wconf 60' lang='lat' dir='ltr'><strong>videntum</strong></span> <span class='ocrx_word' id='word_1_209' title='bbox 719 2149 847 2204; x_wconf 88' lang='lat' dir='ltr'><strong>accedunt</strong></span> <span class='ocrx_word' id='word_1_210' title='bbox 863 2148 957 2215; x_wconf 79' lang='lat' dir='ltr'><strong>Grac,</strong></span> <span class='ocrx_word' id='word_1_211' title='bbox 975 2149 1069 2218; x_wconf 73' lang='lat' dir='ltr'><strong>Prng,</strong></span> <span class='ocrx_word' id='word_1_212' title='bbox 1088 2148 1180 2214; x_wconf 79' lang='lat' dir='ltr'><strong>Goth,</strong></span> 
     </span>
     <span class='ocr_line' id='line_1_23' title="bbox 130 2235 637 2271; baseline 0 0"><span class='ocrx_word' id='word_1_213' title='bbox 130 2236 145 2271; x_wconf 91' lang='lat' dir='ltr'><strong>o</strong></span> <span class='ocrx_word' id='word_1_214' title='bbox 184 2235 238 2271; x_wconf 86' lang='lat' dir='ltr'><strong>ens.</strong></span> <span class='ocrx_word' id='word_1_215' title='bbox 633 2236 637 2243; x_wconf 92' lang='grc'><em>·</em></span> 
     </span>
     <span class='ocr_line' id='line_1_24' title="bbox 127 2235 1180 2356; baseline 0 -16"><span class='ocrx_word' id='word_1_216' title='bbox 127 2235 267 2355; x_wconf 63' lang='lat' dir='ltr'><strong>niteretur]</strong></span> <span class='ocrx_word' id='word_1_217' title='bbox 285 2284 350 2338; x_wconf 80' lang='lat' dir='ltr'><strong>Mos.</strong></span> <span class='ocrx_word' id='word_1_218' title='bbox 369 2284 466 2353; x_wconf 64' lang='lat' dir='ltr'><strong>Bongn</strong></span> <span class='ocrx_word' id='word_1_219' title='bbox 484 2290 638 2352; x_wconf 68' lang='lat' dir='ltr'><strong>pateretur}</strong></span> <span class='ocrx_word' id='word_1_220' title='bbox 653 2283 721 2337; x_wconf 87' lang='lat' dir='ltr'><strong>unde</strong></span> <span class='ocrx_word' id='word_1_221' title='bbox 738 2283 903 2336; x_wconf 81' lang='lat' dir='ltr'><strong>Scheffsrnar</strong></span> <span class='ocrx_word' id='word_1_222' title='bbox 918 2291 1082 2352; x_wconf 80' lang='lat' dir='ltr'><strong>paterentur,</strong></span> <span class='ocrx_word' id='word_1_223' title='bbox 1099 2301 1180 2356; x_wconf 83' lang='lat' dir='ltr'><strong>aquo</strong></span> 
     </span>
     <span class='ocr_line' id='line_1_25' title="bbox 60 2353 1077 2423; baseline -0.002 -15"><span class='ocrx_word' id='word_1_224' title='bbox 60 2356 165 2423; x_wconf 87' lang='lat' dir='ltr'><strong>negatio</strong></span> <span class='ocrx_word' id='word_1_225' title='bbox 182 2354 296 2422; x_wconf 80' lang='lat' dir='ltr'><strong>disiungi</strong></span> <span class='ocrx_word' id='word_1_226' title='bbox 312 2371 362 2406; x_wconf 92' lang='lat' dir='ltr'><strong>non</strong></span> <span class='ocrx_word' id='word_1_227' title='bbox 380 2359 491 2423; x_wconf 85' lang='lat' dir='ltr'><strong>poterat.</strong></span> <span class='ocrx_word' id='word_1_228' title='bbox 527 2353 623 2405; x_wconf 72' lang='lat' dir='ltr'><strong>Galla:</strong></span> <span class='ocrx_word' id='word_1_229' title='bbox 637 2361 796 2422; x_wconf 77' lang='lat' dir='ltr'><strong>pararetur5</strong></span> <span class='ocrx_word' id='word_1_230' title='bbox 813 2353 905 2405; x_wconf 75' lang='lat' dir='ltr'><strong>Gran:</strong></span> <span class='ocrx_word' id='word_1_231' title='bbox 921 2355 1077 2420; x_wconf 75' lang='lat' dir='ltr'><strong>privaretur.</strong></span> 
     </span>
    </p>

    <p class='ocr_par' dir='ltr' id='par_1_7' title="bbox 58 2420 1180 2703">
     <span class='ocr_line' id='line_1_26' title="bbox 127 2420 1179 2492; baseline 0 -16"><span class='ocrx_word' id='word_1_232' title='bbox 127 2425 309 2492; x_wconf 81' lang='lat' dir='ltr'><strong>parricidiali]</strong></span> <span class='ocrx_word' id='word_1_233' title='bbox 334 2423 379 2474; x_wconf 87' lang='lat' dir='ltr'><strong>Sic</strong></span> <span class='ocrx_word' id='word_1_234' title='bbox 397 2423 521 2490; x_wconf 84' lang='lat' dir='ltr'><strong>Bongars.</strong></span> <span class='ocrx_word' id='word_1_235' title='bbox 540 2427 567 2474; x_wconf 89' lang='lat' dir='ltr'><strong>et</strong></span> <span class='ocrx_word' id='word_1_236' title='bbox 587 2420 638 2475; x_wconf 81' lang='lat' dir='ltr'><strong>stit·</strong></span> <span class='ocrx_word' id='word_1_237' title='bbox 655 2421 726 2474; x_wconf 88' lang='lat' dir='ltr'><strong>multi</strong></span> <span class='ocrx_word' id='word_1_238' title='bbox 747 2420 817 2474; x_wconf 87' lang='lat' dir='ltr'><strong>libri.</strong></span> <span class='ocrx_word' id='word_1_239' title='bbox 853 2421 895 2473; x_wconf 82' lang='lat' dir='ltr'><strong>cf.</strong></span> <span class='ocrx_word' id='word_1_240' title='bbox 913 2421 1032 2484; x_wconf 82' lang='lat' dir='ltr'>XXVII,</span> <span class='ocrx_word' id='word_1_241' title='bbox 1051 2425 1084 2486; x_wconf 88' lang='lat'><strong>1,</strong></span> <span class='ocrx_word' id='word_1_242' title='bbox 1102 2424 1120 2487; x_wconf 75' lang='lat' dir='ltr'>S</span> <span class='ocrx_word' id='word_1_243' title='bbox 1138 2425 1179 2480; x_wconf 82' lang='lat' dir='ltr'><strong>to.</strong></span> 
     </span>
     <span class='ocr_line' id='line_1_27' title="bbox 61 2489 1180 2559; baseline 0.001 -15"><span class='ocrx_word' id='word_1_244' title='bbox 61 2493 211 2544; x_wconf 87' lang='lat' dir='ltr'><strong>Gronor.e</strong></span> <span class='ocrx_word' id='word_1_245' title='bbox 235 2495 253 2547; x_wconf 87' lang='lat'>7</span> <span class='ocrx_word' id='word_1_246' title='bbox 278 2490 370 2543; x_wconf 88' lang='lat' dir='ltr'><strong>oodd.=</strong></span> <span class='ocrx_word' id='word_1_247' title='bbox 395 2491 569 2559; x_wconf 84' lang='lat' dir='ltr'><strong>parricidali,</strong></span> <span class='ocrx_word' id='word_1_248' title='bbox 594 2497 625 2543; x_wconf 90' lang='lat' dir='ltr'><strong>nt</strong></span> <span class='ocrx_word' id='word_1_249' title='bbox 639 2491 749 2554; x_wconf 62' lang='lat' dir='ltr'><strong>‘Goth.,</strong></span> <span class='ocrx_word' id='word_1_250' title='bbox 775 2491 853 2559; x_wconf 85' lang='lat' dir='ltr'><strong>Prag.</strong></span> <span class='ocrx_word' id='word_1_251' title='bbox 894 2489 1180 2546; x_wconf 77' lang='lat' dir='ltr'><strong>Eiusmodiudiettivu</strong></span> 
     </span>
     <span class='ocr_line' id='line_1_28' title="bbox 59 2558 1180 2632; baseline -0.001 -18"><span class='ocrx_word' id='word_1_252' title='bbox 59 2561 140 2615; x_wconf 73' lang='lat' dir='ltr'><strong>muta</strong></span> <span class='ocrx_word' id='word_1_253' title='bbox 157 2563 182 2614; x_wconf 76' lang='lat' dir='ltr'><strong>ln</strong></span> <span class='ocrx_word' id='word_1_254' title='bbox 198 2561 217 2614; x_wconf 91' lang='lat' dir='ltr'><strong>l.</strong></span> <span class='ocrx_word' id='word_1_255' title='bbox 235 2560 340 2631; x_wconf 82' lang='lat' dir='ltr'><strong>collegit</strong></span> <span class='ocrx_word' id='word_1_256' title='bbox 357 2560 475 2612; x_wconf 85' lang='lat' dir='ltr'><strong>Gronov.</strong></span> <span class='ocrx_word' id='word_1_257' title='bbox 494 2576 520 2628; x_wconf 86' lang='lat' dir='ltr'><strong>p.</strong></span> <span class='ocrx_word' id='word_1_258' title='bbox 537 2561 605 2624; x_wconf 77' lang='lat'><strong>962,</strong></span> <span class='ocrx_word' id='word_1_259' title='bbox 630 2559 725 2628; x_wconf 79' lang='lat' dir='ltr'><strong>quibus</strong></span> <span class='ocrx_word' id='word_1_260' title='bbox 741 2565 827 2613; x_wconf 87' lang='lat' dir='ltr'><strong>tamen</strong></span> <span class='ocrx_word' id='word_1_261' title='bbox 850 2558 895 2612; x_wconf 86' lang='lat' dir='ltr'><strong>illa</strong></span> <span class='ocrx_word' id='word_1_262' title='bbox 910 2559 1010 2626; x_wconf 81' lang='lat' dir='ltr'><strong>torma,</strong></span> <span class='ocrx_word' id='word_1_263' title='bbox 1032 2559 1180 2632; x_wconf 80' lang='lat' dir='ltr'><strong>Lampridio</strong></span> 
     </span>
     <span class='ocr_line' id='line_1_29' title="bbox 58 2627 1047 2703; baseline -0.003 -19"><span class='ocrx_word' id='word_1_264' title='bbox 58 2646 161 2703; x_wconf 88' lang='lat' dir='ltr'><strong>quoque</strong></span> <span class='ocrx_word' id='word_1_265' title='bbox 179 2636 206 2683; x_wconf 85' lang='lat' dir='ltr'><strong>et</strong></span> <span class='ocrx_word' id='word_1_266' title='bbox 223 2628 280 2693; x_wconf 82' lang='lat' dir='ltr'><strong>aliis</strong></span> <span class='ocrx_word' id='word_1_267' title='bbox 297 2629 524 2696; x_wconf 83' lang='lat' dir='ltr'><strong>usurpata,·lalsa</strong></span> <span class='ocrx_word' id='word_1_268' title='bbox 541 2644 592 2682; x_wconf 91' lang='lat' dir='ltr'><strong>nou</strong></span> <span class='ocrx_word' id='word_1_269' title='bbox 603 2627 737 2698; x_wconf 69' lang='lat' dir='ltr'><strong>‘argaitum</strong></span> <span class='ocrx_word' id='word_1_270' title='bbox 1044 2663 1047 2666; x_wconf 94' lang='lat'><em>-</em></span> 
     </span>
    </p>

    <p class='ocr_par' dir='ltr' id='par_1_8' title="bbox 128 2696 632 2769">
     <span class='ocr_line' id='line_1_30' title="bbox 128 2696 632 2769; baseline -0.008 -15"><span class='ocrx_word' id='word_1_271' title='bbox 128 2700 187 2765; x_wconf 67' lang='lat'><strong>55.</strong></span> <span class='ocrx_word' id='word_1_272' title='bbox 220 2696 554 2769; x_wconf 58' lang='lat' dir='ltr'><strong>numerumnunerum</strong></span> <span class='ocrx_word' id='word_1_273' title='bbox 571 2696 632 2750; x_wconf 89' lang='lat' dir='ltr'><strong>Vll.</strong></span> 
     </span>
    </p>

    <p class='ocr_par' dir='ltr' id='par_1_9' title="bbox 127 2763 774 2834">
     <span class='ocr_line' id='line_1_31' title="bbox 127 2763 774 2834; baseline -0.003 -12"><span class='ocrx_word' id='word_1_274' title='bbox 127 2771 144 2833; x_wconf 85' lang='lat'>§</span> <span class='ocrx_word' id='word_1_275' title='bbox 162 2770 200 2822; x_wconf 86' lang='lat'><strong>6.·</strong></span> <span class='ocrx_word' id='word_1_276' title='bbox 223 2765 396 2834; x_wconf 83' lang='lat' dir='ltr'><strong>interceptas]</strong></span> <span class='ocrx_word' id='word_1_277' title='bbox 414 2782 462 2832; x_wconf 89' lang='lat' dir='ltr'><strong>per</strong></span> <span class='ocrx_word' id='word_1_278' title='bbox 478 2765 641 2818; x_wconf 82' lang='lat' dir='ltr'><strong>familiarium</strong></span> <span class='ocrx_word' id='word_1_279' title='bbox 658 2763 774 2820; x_wconf 82' lang='lat' dir='ltr'><strong>insidias.</strong></span> 
     </span>
    </p>

    <p class='ocr_par' dir='ltr' id='par_1_10' title="bbox 126 2828 687 2905">
     <span class='ocr_line' id='line_1_32' title="bbox 126 2828 687 2905; baseline -0.004 -16"><span class='ocrx_word' id='word_1_280' title='bbox 126 2832 296 2890; x_wconf 69' lang='lat' dir='ltr'><strong>Mithridaten</strong></span> <span class='ocrx_word' id='word_1_281' title='bbox 317 2833 387 2887; x_wconf 88' lang='lat' dir='ltr'><strong>lilius</strong></span> <span class='ocrx_word' id='word_1_282' title='bbox 404 2828 524 2905; x_wconf 82' lang='lat' dir='ltr'><strong>Eupator</strong></span> <span class='ocrx_word' id='word_1_283' title='bbox 543 2833 687 2904; x_wconf 84' lang='lat' dir='ltr'><strong>dicebatur.</strong></span> 
     </span>
    </p>
   </div>
   <div class='ocr_carea' id='block_1_6' title="bbox 54 2919 1248 3743">
    <p class='ocr_par' dir='ltr' id='par_1_11' title="bbox 54 2919 1179 3049">
     <span class='ocr_line' id='line_1_33' title="bbox 87 2919 1179 3044; baseline 0 -70"><span class='ocrx_word' id='word_1_284' title='bbox 87 2920 187 3044; x_wconf 41' lang='lat' dir='ltr'><strong>HQ.</strong></span> <span class='ocrx_word' id='word_1_285' title='bbox 219 2921 395 2996; x_wconf 64' lang='lat' dir='ltr'><strong>muneraverit]</strong></span> <span class='ocrx_word' id='word_1_286' title='bbox 421 2919 486 2973; x_wconf 76' lang='lat' dir='ltr'><strong>Mna.</strong></span> <span class='ocrx_word' id='word_1_287' title='bbox 510 2919 653 2988; x_wconf 69' lang='lat' dir='ltr'><strong>Burgum:</strong></span> <span class='ocrx_word' id='word_1_288' title='bbox 674 2920 818 2989; x_wconf 82' lang='lat' dir='ltr'><strong>praeierit,</strong></span> <span class='ocrx_word' id='word_1_289' title='bbox 842 2925 872 2975; x_wconf 89' lang='lat' dir='ltr'><strong>ut</strong></span> <span class='ocrx_word' id='word_1_290' title='bbox 889 2940 904 2975; x_wconf 89' lang='lat' dir='ltr'><strong>o</strong></span> <span class='ocrx_word' id='word_1_291' title='bbox 922 2919 1097 2987; x_wconf 83' lang='lat' dir='ltr'><strong>Gronovianis</strong></span> <span class='ocrx_word' id='word_1_292' title='bbox 1111 2937 1179 2977; x_wconf 82' lang='lat' dir='ltr'><strong>unus</strong></span> 
     </span>
     <span class='ocr_line' id='line_1_34' title="bbox 54 3005 962 3049; baseline -0.003 3"><span class='ocrx_word' id='word_1_293' title='bbox 54 3005 86 3044; x_wconf 72' lang='lat'><strong>⁰⁰</strong></span> <span class='ocrx_word' id='word_1_294' title='bbox 161 3026 170 3043; x_wconf 87' lang='lat'><strong>·</strong></span> <span class='ocrx_word' id='word_1_295' title='bbox 210 3040 212 3047; x_wconf 92' lang='lat'><em>.</em></span> <span class='ocrx_word' id='word_1_296' title='bbox 301 3008 309 3023; x_wconf 81' lang='lat'><em>‘</em></span> <span class='ocrx_word' id='word_1_297' title='bbox 959 3044 962 3049; x_wconf 93' lang='lat'><em>.</em></span> 
     </span>
    </p>

    <p class='ocr_par' dir='ltr' id='par_1_12' title="bbox 54 3054 1248 3743">
     <span class='ocr_line' id='line_1_35' title="bbox 98 3054 1178 3126; baseline -0.001 -15"><span class='ocrx_word' id='word_1_298' title='bbox 98 3061 105 3074; x_wconf 87' lang='lat'><strong><em>‘</em></strong></span> <span class='ocrx_word' id='word_1_299' title='bbox 124 3056 306 3126; x_wconf 72' lang='lat' dir='ltr'><strong>quadraginta</strong></span> <span class='ocrx_word' id='word_1_300' title='bbox 322 3056 382 3124; x_wconf 82' lang='lat' dir='ltr'><strong>ren]</strong></span> <span class='ocrx_word' id='word_1_301' title='bbox 409 3056 469 3111; x_wconf 91' lang='lat' dir='ltr'><strong>Non</strong></span> <span class='ocrx_word' id='word_1_302' title='bbox 487 3054 675 3126; x_wconf 79' lang='lat' dir='ltr'><strong>quadraginta,</strong></span> <span class='ocrx_word' id='word_1_303' title='bbox 699 3055 745 3108; x_wconf 83' lang='lat' dir='ltr'><strong>sad</strong></span> <span class='ocrx_word' id='word_1_304' title='bbox 765 3055 894 3124; x_wconf 80' lang='lat' dir='ltr'><strong>viginti</strong></span> <span class='ocrx_word' id='word_1_305' title='bbox 912 3073 974 3121; x_wconf 85' lang='lat' dir='ltr'><strong>sex,</strong></span> <span class='ocrx_word' id='word_1_306' title='bbox 998 3057 1032 3110; x_wconf 87' lang='lat' dir='ltr'><strong>ab</strong></span> <span class='ocrx_word' id='word_1_307' title='bbox 1049 3074 1074 3110; x_wconf 81' lang='lat' dir='ltr'><strong>a.</strong></span> <span class='ocrx_word' id='word_1_308' title='bbox 1093 3058 1126 3112; x_wconf 87' lang='grc'><strong>89</strong></span> <span class='ocrx_word' id='word_1_309' title='bbox 1144 3058 1178 3110; x_wconf 92' lang='lat' dir='ltr'><strong>ad</strong></span> 
     </span>
     <span class='ocr_line' id='line_1_36' title="bbox 54 3124 1177 3194; baseline -0.005 -12"><span class='ocrx_word' id='word_1_310' title='bbox 54 3144 79 3182; x_wconf 81' lang='lat' dir='ltr'><strong>a.</strong></span> <span class='ocrx_word' id='word_1_311' title='bbox 98 3127 141 3182; x_wconf 83' lang='grc'><strong>63.</strong></span> <span class='ocrx_word' id='word_1_312' title='bbox 177 3125 278 3189; x_wconf 82' lang='lat' dir='ltr'><strong>Quodsi</strong></span> <span class='ocrx_word' id='word_1_313' title='bbox 292 3144 317 3180; x_wconf 81' lang='lat' dir='ltr'><strong>a</strong></span> <span class='ocrx_word' id='word_1_314' title='bbox 340 3125 430 3181; x_wconf 76' lang='lat' dir='ltr'><strong>mortis</strong></span> <span class='ocrx_word' id='word_1_315' title='bbox 451 3143 518 3179; x_wconf 86' lang='lat' dir='ltr'><strong>anno</strong></span> <span class='ocrx_word' id='word_1_316' title='bbox 544 3124 576 3178; x_wconf 86' lang='lat' dir='ltr'><strong>ad</strong></span> <span class='ocrx_word' id='word_1_317' title='bbox 600 3130 700 3177; x_wconf 81' lang='lat' dir='ltr'><strong>sartum</strong></span> <span class='ocrx_word' id='word_1_318' title='bbox 724 3131 752 3176; x_wconf 91' lang='lat' dir='ltr'><strong>et</strong></span> <span class='ocrx_word' id='word_1_319' title='bbox 773 3124 998 3194; x_wconf 83' lang='lat' dir='ltr'><strong>quadragesimum</strong></span> <span class='ocrx_word' id='word_1_320' title='bbox 1021 3124 1177 3189; x_wconf 80' lang='lat' dir='ltr'><strong>ascenderis,</strong></span> 
     </span>
     <span class='ocr_line' id='line_1_37' title="bbox 57 3185 1178 3277; baseline -0.003 -29"><span class='ocrx_word' id='word_1_321' title='bbox 57 3192 187 3248; x_wconf 80' lang='lat' dir='ltr'><strong>efficietur</strong></span> <span class='ocrx_word' id='word_1_322' title='bbox 205 3212 229 3248; x_wconf 85' lang='lat' dir='ltr'><strong>a.</strong></span> <span class='ocrx_word' id='word_1_323' title='bbox 250 3199 317 3256; x_wconf 89' lang='lat'><strong>110,</strong></span> <span class='ocrx_word' id='word_1_324' title='bbox 342 3213 393 3262; x_wconf 90' lang='lat' dir='ltr'><strong>quo</strong></span> <span class='ocrx_word' id='word_1_325' title='bbox 418 3194 543 3264; x_wconf 86' lang='lat' dir='ltr'><strong>Scythica</strong></span> <span class='ocrx_word' id='word_1_326' title='bbox 567 3194 623 3246; x_wconf 87' lang='lat' dir='ltr'><strong>lere</strong></span> <span class='ocrx_word' id='word_1_327' title='bbox 645 3193 713 3244; x_wconf 88' lang='lat' dir='ltr'><strong>bella</strong></span> <span class='ocrx_word' id='word_1_328' title='bbox 737 3208 877 3277; x_wconf 75' lang='lat' dir='ltr'><strong>aggressus</strong></span> <span class='ocrx_word' id='word_1_329' title='bbox 900 3196 954 3245; x_wconf 75' lang='lat' dir='ltr'><strong>estc</strong></span> <span class='ocrx_word' id='word_1_330' title='bbox 981 3189 1017 3245; x_wconf 79' lang='grc' dir='ltr'><strong>δι’</strong></span> <span class='ocrx_word' id='word_1_331' title='bbox 1035 3185 1054 3243; x_wconf 73' lang='lat' dir='ltr'><strong>d</strong></span> <span class='ocrx_word' id='word_1_332' title='bbox 1072 3186 1178 3259; x_wconf 67' lang='grc' dir='ltr'><strong><em>μᾶλλον</em></strong></span> 
     </span>
     <span class='ocr_line' id='line_1_38' title="bbox 56 3255 1248 3335; baseline -0.003 -20"><span class='ocrx_word' id='word_1_333' title='bbox 56 3258 187 3330; x_wconf 83' lang='grc' dir='ltr'><strong><em>Ῥωμαῖοι</em></strong></span> <span class='ocrx_word' id='word_1_334' title='bbox 203 3259 257 3335; x_wconf 72' lang='grc' dir='ltr'><strong>τὴν</strong></span> <span class='ocrx_word' id='word_1_335' title='bbox 281 3257 372 3332; x_wconf 72' lang='grc' dir='ltr'><strong><em>αὐτοῦ</em></strong></span> <span class='ocrx_word' id='word_1_336' title='bbox 390 3261 520 3316; x_wconf 76' lang='grc' dir='ltr'><strong><em>διάνοιαν</em></strong></span> <span class='ocrx_word' id='word_1_337' title='bbox 544 3255 675 3316; x_wconf 74' lang='grc' dir='ltr'><strong>ὕποπτον</strong></span> <span class='ocrx_word' id='word_1_338' title='bbox 698 3271 863 3328; x_wconf 76' lang='grc' dir='ltr'><strong><em>ποιουμενοι</em></strong></span> <span class='ocrx_word' id='word_1_339' title='bbox 882 3264 943 3331; x_wconf 77' lang='grc' dir='ltr'><em>τοῖς</em></span> <span class='ocrx_word' id='word_1_340' title='bbox 959 3260 1084 3314; x_wconf 75' lang='grc' dir='ltr'><strong><em>Σκυθῶν</em></strong></span> <span class='ocrx_word' id='word_1_341' title='bbox 1101 3260 1177 3330; x_wconf 75' lang='grc' dir='ltr'><strong><em>βασι·</em></strong></span> <span class='ocrx_word' id='word_1_342' title='bbox 1203 3304 1206 3309; x_wconf 97' lang='grc'><strong>.</strong></span> <span class='ocrx_word' id='word_1_343' title='bbox 1244 3299 1248 3303; x_wconf 67' lang='lat'><strong>·</strong></span> 
     </span>
     <span class='ocr_line' id='line_1_39' title="bbox 56 3324 1177 3404; baseline -0.004 -19"><span class='ocrx_word' id='word_1_344' title='bbox 56 3332 150 3385; x_wconf 76' lang='lat' dir='ltr'><strong>triow</strong></span> <span class='ocrx_word' id='word_1_345' title='bbox 167 3326 342 3399; x_wconf 76' lang='grc' dir='ltr'><strong><em>ἐψηφίσαντο</em></strong></span> <span class='ocrx_word' id='word_1_346' title='bbox 360 3331 413 3393; x_wconf 80' lang='grc' dir='ltr'><strong>τὰς</strong></span> <span class='ocrx_word' id='word_1_347' title='bbox 429 3327 563 3404; x_wconf 72' lang='grc' dir='ltr'><strong><em>πατρῴας</em></strong></span> <span class='ocrx_word' id='word_1_348' title='bbox 580 3324 670 3384; x_wconf 80' lang='lat' dir='ltr'><strong>aricio</strong></span> <span class='ocrx_word' id='word_1_349' title='bbox 689 3325 777 3397; x_wconf 73' lang='grc' dir='ltr'><em>ἀρχὰς</em></span> <span class='ocrx_word' id='word_1_350' title='bbox 796 3325 1026 3397; x_wconf 75' lang='grc' dir='ltr'><strong><em>ἀποκαταστῆσαι</em></strong></span> <span class='ocrx_word' id='word_1_351' title='bbox 1044 3330 1177 3396; x_wconf 85' lang='lat' dir='ltr'><strong>(Memnon</strong></span> 
     </span>
     <span class='ocr_line' id='line_1_40' title="bbox 59 3397 1178 3469; baseline -0.002 -15"><span class='ocrx_word' id='word_1_352' title='bbox 59 3403 133 3454; x_wconf 86' lang='lat' dir='ltr'><strong>Phot.</strong></span> <span class='ocrx_word' id='word_1_353' title='bbox 153 3402 498 3469; x_wconf 74' lang='lat' dir='ltr'><strong>p.230,10·b.Bekk.):</strong></span> <span class='ocrx_word' id='word_1_354' title='bbox 525 3399 614 3469; x_wconf 86' lang='lat' dir='ltr'><strong>quidni</strong></span> <span class='ocrx_word' id='word_1_355' title='bbox 637 3399 718 3469; x_wconf 86' lang='lat' dir='ltr'><strong>igitur</strong></span> <span class='ocrx_word' id='word_1_356' title='bbox 744 3398 795 3453; x_wconf 88' lang='lat' dir='ltr'><strong>iam</strong></span> <span class='ocrx_word' id='word_1_357' title='bbox 821 3407 876 3459; x_wconf 87' lang='lat' dir='ltr'><strong>tum</strong></span> <span class='ocrx_word' id='word_1_358' title='bbox 899 3398 1004 3468; x_wconf 79' lang='lat' dir='ltr'><strong>incepta</strong></span> <span class='ocrx_word' id='word_1_359' title='bbox 1027 3413 1086 3451; x_wconf 85' lang='lat' dir='ltr'><strong>esse</strong></span> <span class='ocrx_word' id='word_1_360' title='bbox 1109 3397 1178 3452; x_wconf 80' lang='lat' dir='ltr'><strong>bella</strong></span> 
     </span>
     <span class='ocr_line' id='line_1_41' title="bbox 55 3466 1177 3540; baseline -0.004 -18"><span class='ocrx_word' id='word_1_361' title='bbox 55 3485 113 3523; x_wconf 85' lang='lat' dir='ltr'><strong>oum</strong></span> <span class='ocrx_word' id='word_1_362' title='bbox 130 3469 251 3523; x_wconf 57' lang='lat' dir='ltr'><strong>&amp;manis</strong></span> <span class='ocrx_word' id='word_1_363' title='bbox 269 3471 358 3525; x_wconf 84' lang='lat' dir='ltr'><strong>rhetor</strong></span> <span class='ocrx_word' id='word_1_364' title='bbox 374 3471 518 3540; x_wconf 84' lang='lat' dir='ltr'><strong>significet,</strong></span> <span class='ocrx_word' id='word_1_365' title='bbox 542 3486 600 3522; x_wconf 89' lang='lat' dir='ltr'><strong>oum</strong></span> <span class='ocrx_word' id='word_1_366' title='bbox 616 3473 669 3522; x_wconf 85' lang='lat' dir='ltr'><strong>tarn</strong></span> <span class='ocrx_word' id='word_1_367' title='bbox 687 3472 784 3521; x_wconf 85' lang='lat' dir='ltr'><strong>mature</strong></span> <span class='ocrx_word' id='word_1_368' title='bbox 802 3468 934 3537; x_wconf 80' lang='lat' dir='ltr'><strong>cogitasse</strong></span> <span class='ocrx_word' id='word_1_369' title='bbox 952 3475 1029 3536; x_wconf 87' lang='lat' dir='ltr'><strong>atque</strong></span> <span class='ocrx_word' id='word_1_370' title='bbox 1047 3466 1112 3540; x_wconf 81' lang='lat' dir='ltr'><strong>adeo</strong></span> <span class='ocrx_word' id='word_1_371' title='bbox 1129 3482 1177 3534; x_wconf 85' lang='lat' dir='ltr'><strong>pa-</strong></span> 
     </span>
     <span class='ocr_line' id='line_1_42' title="bbox 54 3536 1177 3606; baseline -0.005 -15"><span class='ocrx_word' id='word_1_372' title='bbox 54 3536 128 3591; x_wconf 82' lang='lat' dir='ltr'><strong>rasse</strong></span> <span class='ocrx_word' id='word_1_373' title='bbox 147 3537 323 3591; x_wconf 83' lang='lat' dir='ltr'><strong>Mithridaten</strong></span> <span class='ocrx_word' id='word_1_374' title='bbox 341 3539 457 3592; x_wconf 84' lang='lat' dir='ltr'><strong>Romana</strong></span> <span class='ocrx_word' id='word_1_375' title='bbox 473 3538 541 3591; x_wconf 88' lang='lat' dir='ltr'><strong>bella</strong></span> <span class='ocrx_word' id='word_1_376' title='bbox 558 3536 608 3591; x_wconf 85' lang='lat' dir='ltr'><strong>sibi</strong></span> <span class='ocrx_word' id='word_1_377' title='bbox 625 3536 822 3606; x_wconf 75' lang='lat' dir='ltr'><strong>persuaserint</strong></span> <span class='ocrx_word' id='word_1_378' title='bbox 847 3536 901 3589; x_wconf 88' lang='lat' dir='ltr'><strong>Sed</strong></span> <span class='ocrx_word' id='word_1_379' title='bbox 919 3536 1043 3589; x_wconf 86' lang='lat' dir='ltr'><strong>lectorum</strong></span> <span class='ocrx_word' id='word_1_380' title='bbox 1062 3543 1117 3586; x_wconf 90' lang='lat' dir='ltr'><strong>esto</strong></span> <span class='ocrx_word' id='word_1_381' title='bbox 1135 3536 1177 3586; x_wconf 91' lang='lat' dir='ltr'><strong>iu-</strong></span> 
     </span>
     <span class='ocr_line' id='line_1_43' title="bbox 55 3602 1176 3675; baseline -0.008 -12"><span class='ocrx_word' id='word_1_382' title='bbox 55 3605 167 3670; x_wconf 70' lang='lat' dir='ltr'><strong>dicium</strong></span> <span class='ocrx_word' id='word_1_383' title='bbox 186 3607 248 3663; x_wconf 84' lang='lat' dir='ltr'><strong>lort.</strong></span> <span class='ocrx_word' id='word_1_384' title='bbox 265 3607 329 3659; x_wconf 87' lang='lat' dir='ltr'><strong>nihil</strong></span> <span class='ocrx_word' id='word_1_385' title='bbox 346 3607 428 3660; x_wconf 88' lang='lat' dir='ltr'><strong>voluit</strong></span> <span class='ocrx_word' id='word_1_386' title='bbox 444 3607 494 3660; x_wconf 86' lang='lat' dir='ltr'><strong>nisi</strong></span> <span class='ocrx_word' id='word_1_387' title='bbox 511 3606 658 3660; x_wconf 83' lang='lat' dir='ltr'><strong>universum</strong></span> <span class='ocrx_word' id='word_1_388' title='bbox 674 3607 776 3675; x_wconf 85' lang='lat' dir='ltr'><strong>inperii</strong></span> <span class='ocrx_word' id='word_1_389' title='bbox 792 3613 843 3659; x_wconf 90' lang='lat' dir='ltr'><strong>tem</strong></span> <span class='ocrx_word' id='word_1_390' title='bbox 863 3621 903 3670; x_wconf 81' lang='lat' dir='ltr'><strong>us,</strong></span> <span class='ocrx_word' id='word_1_391' title='bbox 921 3605 989 3674; x_wconf 85' lang='lat' dir='ltr'><strong>quod</strong></span> <span class='ocrx_word' id='word_1_392' title='bbox 1006 3603 1064 3672; x_wconf 87' lang='lat' dir='ltr'><strong>ipso</strong></span> <span class='ocrx_word' id='word_1_393' title='bbox 1076 3602 1176 3665; x_wconf 79' lang='lat' dir='ltr'><strong>Iustino</strong></span> 
     </span>
     <span class='ocr_line' id='line_1_44' title="bbox 54 3624 1175 3743; baseline -0.004 -15"><span class='ocrx_word' id='word_1_394' title='bbox 54 3675 122 3728; x_wconf 89' lang='lat' dir='ltr'><strong>duce</strong></span> <span class='ocrx_word' id='word_1_395' title='bbox 139 3676 176 3742; x_wconf 92' lang='lat' dir='ltr'><strong>(e</strong></span> <span class='ocrx_word' id='word_1_396' title='bbox 192 3674 348 3739; x_wconf 80' lang='lat' dir='ltr'><strong>XXXVIII,</strong></span> <span class='ocrx_word' id='word_1_397' title='bbox 366 3679 399 3739; x_wconf 89' lang='lat'><strong>8,</strong></span> <span class='ocrx_word' id='word_1_398' title='bbox 418 3677 454 3743; x_wconf 86' lang='lat'><strong>1)</strong></span> <span class='ocrx_word' id='word_1_399' title='bbox 482 3682 602 3731; x_wconf 83' lang='lat' dir='ltr'><strong>statuunt</strong></span> <span class='ocrx_word' id='word_1_400' title='bbox 624 3693 745 3736; x_wconf 86' lang='lat' dir='ltr'><strong>annorum</strong></span> <span class='ocrx_word' id='word_1_401' title='bbox 767 3674 810 3729; x_wconf 78' lang='lat'><strong>48.</strong></span> <span class='ocrx_word' id='word_1_402' title='bbox 845 3624 987 3728; x_wconf 60' lang='lat' dir='ltr'><strong>i’raeteriit</strong></span> <span class='ocrx_word' id='word_1_403' title='bbox 1010 3673 1079 3724; x_wconf 89' lang='lat' dir='ltr'><strong>hunc</strong></span> <span class='ocrx_word' id='word_1_404' title='bbox 1102 3672 1120 3726; x_wconf 93' lang='lat' dir='ltr'><strong>l.</strong></span> <span class='ocrx_word' id='word_1_405' title='bbox 1137 3669 1175 3724; x_wconf 89' lang='lat' dir='ltr'><strong>Io.</strong></span> 
     </span>
    </p>
   </div>
   <div class='ocr_carea' id='block_1_7' title="bbox 54 3740 1271 3821">
    <p class='ocr_par' dir='ltr' id='par_1_13' title="bbox 54 3740 1271 3821">
     <span class='ocr_line' id='line_1_45' title="bbox 54 3740 1271 3821; baseline -0.005 -22"><span class='ocrx_word' id='word_1_406' title='bbox 54 3743 121 3799; x_wconf 51' lang='lat' dir='ltr'><strong>Erue</strong></span> <span class='ocrx_word' id='word_1_407' title='bbox 144 3743 327 3798; x_wconf 82' lang='lat' dir='ltr'><strong>Woltersdorf.</strong></span> <span class='ocrx_word' id='word_1_408' title='bbox 349 3743 378 3801; x_wconf 81' lang='lat' dir='ltr'><strong>in</strong></span> <span class='ocrx_word' id='word_1_409' title='bbox 401 3740 535 3798; x_wconf 78' lang='lat' dir='ltr'><strong>comment.</strong></span> <span class='ocrx_word' id='word_1_410' title='bbox 553 3747 635 3798; x_wconf 84' lang='lat' dir='ltr'><strong>vitam</strong></span> <span class='ocrx_word' id='word_1_411' title='bbox 653 3744 819 3798; x_wconf 76' lang='lat' dir='ltr'><strong>Mithridatis</strong></span> <span class='ocrx_word' id='word_1_412' title='bbox 835 3743 873 3796; x_wconf 89' lang='grc' dir='ltr'><strong>Μ.</strong></span> <span class='ocrx_word' id='word_1_413' title='bbox 894 3759 944 3813; x_wconf 80' lang='lat' dir='ltr'><strong>per</strong></span> <span class='ocrx_word' id='word_1_414' title='bbox 967 3757 1048 3795; x_wconf 80' lang='lat' dir='ltr'><strong>annor</strong></span> <span class='ocrx_word' id='word_1_415' title='bbox 1069 3740 1177 3821; x_wconf 56' lang='lat' dir='ltr'><strong>fidente</strong></span> <span class='ocrx_word' id='word_1_416' title='bbox 1269 3812 1271 3816; x_wconf 8' lang='grc' dir='ltr'>μ</span> 
     </span>
    </p>
   </div>
   <div class='ocr_carea' id='block_1_8' title="bbox 13 3811 1182 4160">
    <p class='ocr_par' dir='ltr' id='par_1_14' title="bbox 13 3811 1104 3887">
     <span class='ocr_line' id='line_1_46' title="bbox 13 3811 1104 3887; baseline -0.004 -21"><span class='ocrx_word' id='word_1_417' title='bbox 13 3854 16 3859; x_wconf 80' lang='lat'><strong>,</strong></span> <span class='ocrx_word' id='word_1_418' title='bbox 55 3811 327 3883; x_wconf 78' lang='lat' dir='ltr'><strong>(Gottiug.‚·1813)‚</strong></span> <span class='ocrx_word' id='word_1_419' title='bbox 345 3828 397 3882; x_wconf 79' lang='lat' dir='ltr'><strong>qua</strong></span> <span class='ocrx_word' id='word_1_420' title='bbox 414 3812 552 3882; x_wconf 83' lang='lat' dir='ltr'><strong>aliquoties</strong></span> <span class='ocrx_word' id='word_1_421' title='bbox 569 3812 609 3867; x_wconf 84' lang='lat' dir='ltr'><strong>usi</strong></span> <span class='ocrx_word' id='word_1_422' title='bbox 625 3816 722 3866; x_wconf 84' lang='lat' dir='ltr'><strong>sumus.</strong></span> <span class='ocrx_word' id='word_1_423' title='bbox 893 3862 896 3868; x_wconf 50' lang='lat'><strong>,</strong></span> <span class='ocrx_word' id='word_1_424' title='bbox 959 3885 961 3887; x_wconf 64' lang='lat'>‚</span> <span class='ocrx_word' id='word_1_425' title='bbox 1101 3846 1104 3851; x_wconf 86' lang='lat'><em>-</em></span> 
     </span>
    </p>

    <p class='ocr_par' dir='ltr' id='par_1_15' title="bbox 17 3892 1182 4035">
     <span class='ocr_line' id='line_1_47' title="bbox 17 3892 1074 3966; baseline -0.009 -11"><span class='ocrx_word' id='word_1_426' title='bbox 17 3947 24 3955; x_wconf 77' lang='grc'>,</span> <span class='ocrx_word' id='word_1_427' title='bbox 123 3902 140 3966; x_wconf 77' lang='lat' dir='ltr'>S</span> <span class='ocrx_word' id='word_1_428' title='bbox 158 3901 183 3955; x_wconf 88' lang='grc'><strong>8.</strong></span> <span class='ocrx_word' id='word_1_429' title='bbox 221 3899 303 3953; x_wconf 72' lang='lat' dir='ltr'><strong>Gneus</strong></span> <span class='ocrx_word' id='word_1_430' title='bbox 323 3896 424 3966; x_wconf 67' lang='lat' dir='ltr'><strong>Pomm]</strong></span> <span class='ocrx_word' id='word_1_431' title='bbox 442 3896 507 3950; x_wconf 82' lang='lat' dir='ltr'><strong>Mos.</strong></span> <span class='ocrx_word' id='word_1_432' title='bbox 524 3899 624 3966; x_wconf 73' lang='lat' dir='ltr'><strong>Bong,</strong></span> <span class='ocrx_word' id='word_1_433' title='bbox 641 3897 699 3950; x_wconf 88' lang='lat' dir='ltr'><strong>coll.</strong></span> <span class='ocrx_word' id='word_1_434' title='bbox 717 3895 768 3948; x_wconf 62' lang='lat' dir='ltr'><strong>Na</strong></span> <span class='ocrx_word' id='word_1_435' title='bbox 792 3894 879 3948; x_wconf 71' lang='lat' dir='ltr'><strong>(inmas</strong></span> <span class='ocrx_word' id='word_1_436' title='bbox 895 3911 1025 3964; x_wconf 75' lang='lat' dir='ltr'><strong>quoque</strong></span> <span class='ocrx_word' id='word_1_437' title='bbox 1042 3892 1074 3946; x_wconf 89' lang='lat' dir='ltr'><strong>P.</strong></span> 
     </span>
     <span class='ocr_line' id='line_1_48' title="bbox 122 3964 1182 4035; baseline -0.005 -15"><span class='ocrx_word' id='word_1_438' title='bbox 122 3967 247 4035; x_wconf 79' lang='lat' dir='ltr'><strong>vicerint]</strong></span> <span class='ocrx_word' id='word_1_439' title='bbox 273 3968 338 4022; x_wconf 77' lang='lat' dir='ltr'><strong>Mar.</strong></span> <span class='ocrx_word' id='word_1_440' title='bbox 354 3968 456 4035; x_wconf 76' lang='lat' dir='ltr'><strong>Bong,</strong></span> <span class='ocrx_word' id='word_1_441' title='bbox 474 3967 568 4031; x_wconf 78' lang='lat' dir='ltr'><strong>Grae,</strong></span> <span class='ocrx_word' id='word_1_442' title='bbox 585 3968 684 4019; x_wconf 72' lang='lat' dir='ltr'><strong>(iorni</strong></span> <span class='ocrx_word' id='word_1_443' title='bbox 704 3964 806 4018; x_wconf 83' lang='lat' dir='ltr'><strong>uicerit.</strong></span> <span class='ocrx_word' id='word_1_444' title='bbox 1179 4010 1182 4015; x_wconf 93' lang='lat'>.</span> 
     </span>
    </p>

    <p class='ocr_par' dir='ltr' id='par_1_16' title="bbox 52 4027 1174 4160">
     <span class='ocr_line' id='line_1_49' title="bbox 52 4027 1174 4160; baseline -0.005 -68"><span class='ocrx_word' id='word_1_445' title='bbox 52 4036 359 4160; x_wconf 33' lang='lat' dir='ltr'><strong>vestnr&#39;ingetrtxmo]</strong></span> <span class='ocrx_word' id='word_1_446' title='bbox 384 4037 426 4090; x_wconf 83' lang='lat' dir='ltr'><strong>lta</strong></span> <span class='ocrx_word' id='word_1_447' title='bbox 442 4051 531 4090; x_wconf 80' lang='lat' dir='ltr'><strong>omnes</strong></span> <span class='ocrx_word' id='word_1_448' title='bbox 551 4035 647 4099; x_wconf 69' lang='lat' dir='ltr'><strong>rodda</strong></span> <span class='ocrx_word' id='word_1_449' title='bbox 668 4051 694 4087; x_wconf 82' lang='lat' dir='ltr'><strong>v.</strong></span> <span class='ocrx_word' id='word_1_450' title='bbox 710 4049 792 4104; x_wconf 77' lang='lat' dir='ltr'><strong>supra</strong></span> <span class='ocrx_word' id='word_1_451' title='bbox 808 4048 898 4139; x_wconf 80' lang='lat' dir='ltr'><strong>osope.</strong></span> <span class='ocrx_word' id='word_1_452' title='bbox 932 4031 1050 4121; x_wconf 73' lang='lat' dir='ltr'><strong>Gronau.</strong></span> <span class='ocrx_word' id='word_1_453' title='bbox 1066 4046 1098 4086; x_wconf 84' lang='lat' dir='ltr'><strong>ex</strong></span> <span class='ocrx_word' id='word_1_454' title='bbox 1114 4027 1174 4086; x_wconf 82' lang='lat' dir='ltr'><strong>odd.</strong></span> 
     </span>
    </p>
   </div>
   <div class='ocr_carea' id='block_1_9' title="bbox 94 4160 988 4241">
    <p class='ocr_par' dir='ltr' id='par_1_17' title="bbox 94 4160 988 4273">
     <span class='ocr_line' id='line_1_50' title="bbox 94 4160 988 4241; baseline -0.007 -5"><span class='ocrx_word' id='word_1_455' title='bbox 94 4175 243 4237; x_wconf 77' lang='lat' dir='ltr'><strong>Iusrnuus.</strong></span> <span class='ocrx_word' id='word_1_456' title='bbox 303 4234 307 4241; x_wconf 91' lang='grc'><em>,</em></span> <span class='ocrx_word' id='word_1_457' title='bbox 794 4218 797 4223; x_wconf 89' lang='grc'><strong>.</strong></span> <span class='ocrx_word' id='word_1_458' title='bbox 878 4160 988 4231; x_wconf 79' lang='lat' dir='ltr'><strong>&#39;Fr</strong></span> 
     </span>
    </p>
   </div>
   <div class='ocr_carea' id='block_1_10' title="bbox 0 0 1316 4606">
    <p class='ocr_par' dir='ltr' id='par_1_18' title="bbox 0 0 1316 4606">
     <span class='ocr_line' id='line_1_51' title="bbox 0 0 1316 4606; baseline 0 1"><span class='ocrx_word' id='word_1_459' title='bbox 0 0 1316 4606; x_wconf 95' lang='lat' dir='ltr'><strong> </strong></span> 
     </span>
    </p>
   </div>
  </div>
 </body>
</html>
